3550 5692
314 569 332 617 2
655 547 793 620 Rotulz'
814 548 991 646 Hugone's
1016 548 1060 620 de
1094 547 1227 621 Welles

316 789 494 867 Walterus,
524 789 581 872 qui
611 809 686 852 eam
718 789 874 871 proximo
906 788 1063 871 possedit,
1093 789 1239 872 suscepit
1269 799 1346 871 post
1380 789 1568 854 Concilium

316 895 491 960 ecclesiam
507 894 550 958 de
566 895 764 975 Trapstone,
780 893 868 956 lacta
883 894 974 975 prius
991 893 1204 975 inquisitione
1225 913 1284 974 per
1305 892 1505 975 Magistrum
1527 895 1570 971 S,

317 997 503 1062 Officialem
520 995 757 1060 Archidiaconi
778 995 985 1072 Bedefordie,
1004 1016 1188 1078 perquam,
1203 1005 1274 1072 etc.,
1290 994 1455 1058 admissus
1470 1006 1521 1060 est
1536 1006 1570 1060 et

316 1102 349 1164 in
365 1121 405 1165 θα
420 1101 578 1165 canonice
595 1117 737 1182 persona
752 1099 932 1164 institutus.
968 1099 1014 1162 Et
1030 1099 1226 1163 mandatum
1243 1108 1294 1163 est
1309 1099 1401 1162 dicto
1417 1099 1570 1177 Officiali,

315 1215 376 1270 etc.

315 1453 427 1517 [Robert
441 1451 475 1505 de
490 1452 642 1516 Sivelesno,
660 1453 767 1514 deacon,
781 1450 931 1518 presented
943 1456 977 1518 ty
987 1451 1033 1502 the
1043 1451 1131 1503 Prior
1139 1451 1200 1503 and
1212 1451 1322 1504 Canens
1332 1451 1368 1518 os
1374 1449 1534 1514 Dunstable,
1547 1452 1572 1503 is

380 1535 525 1588 instituted
534 1536 615 1587 vicar
623 1535 658 1600 os
664 1533 827 1587 Pulloxleill.
865 1535 892 1585 T
888 1534 923 1586 he
934 1535 1065 1600 mearage
1075 1535 1100 1585 is
1111 1533 1266 1600 desm'bedl

403 1645 945 1710 PULLOKESHILLE.—Robertus
967 1645 1010 1708 de
1040 1644 1223 1721 Sivelesh0,
1245 1643 1415 1721 diaconus,
1438 1665 1571 1728 presen-

315 1760 405 1815 tatus
436 1772 494 1835 per
526 1752 671 1814 Priorem
701 1760 735 1814 et
766 1751 945 1812 canonicos
974 1750 1017 1813 de
1048 1748 1270 1832 Dunestaplia
1300 1748 1343 1812 ad
1374 1759 1570 1832 perpetuam

315 1855 471 1919 vicariam
488 1854 626 1918 ecclesie
641 1853 684 1917 de
701 1853 954 1931 Pullokeshelle‚
969 1853 1057 1917 facta
1070 1853 1283 1934 inquisitione
1295 1874 1354 1935 per
1371 1853 1570 1936 Magistrum

317 1959 359 2037 S,
385 1957 572 2024 Officialem
599 1957 836 2022 Archidiaconi
863 1956 1069 2035 Bedefordie,
1092 1976 1274 2039 perquam
1299 1957 1481 2040 negotium,
1501 1967 1572 2034 etc.,

316 2065 481 2129 admissus
496 2072 547 2126 est
562 2073 596 2126 et
612 2063 646 2124 in
662 2083 702 2126 ea
721 2063 879 2126 canonice
896 2062 1037 2124 vicarius
1058 2071 1237 2144 perpetuus
1257 2062 1437 2126 institutus.
1484 2062 1571 2127 Con-

316 2167 402 2232 sistit
422 2177 535 2230 autem
555 2166 645 2230 dicta
660 2167 781 2229 vicaria
800 2167 833 2230 in
850 2176 923 2229 toto
939 2166 1101 2249 altaragio
1117 2165 1204 2229 illius
1223 2167 1370 2243 ecclesie,
1386 2167 1419 2228 in
1442 2189 1465 2229 x
1487 2168 1572 2230 acris

315 2280 410 2347 terre,
419 2280 453 2334 et
466 2271 499 2333 in
516 2271 614 2334 tertia
630 2279 724 2353 parte
736 2270 941 2334 decimarum
957 2270 1135 2353 garbarum
1152 2271 1254 2333 totius
1265 2270 1350 2347 ville,
1360 2280 1571 2354 preterquam

315 2371 358 2436 de
381 2374 480 2438 feodo
496 2374 655 2438 Willelmi
673 2375 836 2438 Wiscardi
859 2385 894 2438 et
919 2375 1056 2438 Henrici
1082 2375 1257 2456 Buignum.
1305 2374 1351 2437 Et
1374 2375 1570 2438 mandatum

314 2489 365 2542 est
381 2478 510 2562 prefato
526 2478 679 2556 Officiali,
694 2489 755 2542 etc.

312 2723 449 2791 [Stepieen
460 2723 494 2777 de
503 2723 533 2775 E
534 2724 653 2786 kintone,
660 2725 808 2792 presented
816 2725 848 2793 by
856 2725 902 2778 tlte
911 2725 1002 2779 Abbot
1007 2725 1068 2778 and
1078 2725 1205 2778 Convent
1213 2725 1249 2793 os
1254 2725 1380 2792 Ramsey,
1392 2726 1417 2777 is
1428 2725 1575 2778 instituted

378 2810 405 2858 to
416 2805 461 2858 tlte
472 2805 573 2860 cistercii
584 2807 807 2875 osStiltington.
846 2808 903 2860 The
914 2809 1024 2861 ancient
1027 2809 1147 2876 pensien
1158 2809 1183 2860 is
1193 2808 1325 2860 reserved
1338 2814 1365 2860 to
1382 2808 1427 2860 the
1444 2808 1569 2876 Monta]

403 2917 897 3001 SETLINGDONE.-Magister
909 2917 1102 3002 Stephanus
1114 2918 1156 2982 de
1173 2918 1353 2996 Ekintone,
1364 2927 1572 3000 presentatus

317 3041 375 3103 per
390 3019 561 3084 Abbatem
577 3030 611 3084 et
632 3031 832 3084 conventum
854 3021 897 3085 de
918 3023 1095 3086 Rameseia
1111 3023 1154 3086 ad
1174 3023 1348 3085 ecclesiam
1364 3022 1407 3085 de
1424 3022 1572 3104 Sutling-

316 3123 412 3200 done,
429 3123 516 3186 facta
532 3124 622 3206 prius
639 3125 853 3206 inquisitione
869 3146 928 3208 per
943 3125 980 3207 J,
993 3125 1278 3205 Archidiaconum
1296 3125 1502 3202 Bedelordie,
1515 3147 1573 3208 per

202 3241 204 3246 '
311 3246 428 3309 quam,
443 3236 514 3313 etc.,
529 3227 696 3291 admissus
711 3238 763 3291 est
778 3237 812 3292 et
834 3229 867 3291 in
888 3249 929 3292 ea
950 3229 1110 3292 canonice
1130 3250 1273 3310 persona
1292 3230 1473 3305 institutus,
1495 3250 1571 3292 cum

317 3331 407 3413 prius
419 3341 507 3395 esset
517 3332 666 3409 vicarius,
677 3332 769 3395 salva
779 3333 878 3396 dictis
895 3333 1068 3396 monachis
1084 3333 1198 3396 debita
1213 3344 1247 3397 et
1263 3335 1401 3416 antiqua
1412 3335 1572 3416 pensione

317 3435 360 3497 de
375 3435 502 3499 eadem.
550 3436 595 3498 Et
611 3435 808 3500 mandatum
824 3446 876 3499 est
892 3436 983 3500 dicto
1000 3436 1256 3513 Archidiacono,
1271 3446 1332 3500 etc.

318 3779 433 3849 [Henry,
445 3779 580 3848 chdplain,
588 3780 738 3847 presented
751 3780 783 3848 by
795 3781 840 3832 the
853 3781 941 3832 Prior
955 3781 1016 3832 and
1032 3781 1158 3834 Conveni
1172 3780 1208 3848 os
1222 3781 1383 3845 Dunstable,
1395 3782 1422 3833 is
1431 3781 1575 3834 instituted

381 3864 462 3915 vicar
477 3863 513 3928 os
527 3858 673 3916 Studleam.
711 3862 769 3914 The
785 3863 918 3931 ve'earage
934 3863 959 3915 is
975 3863 1118 3916 described.
1153 3863 1180 3916 A
1196 3865 1315 3929 pension
1330 3865 1430 3932 osone
1446 3863 1528 3916 mark
1548 3865 1573 3915 is

381 3944 511 3998 reserved
519 3950 547 3997 to
557 3945 602 3998 tire
616 3945 760 4009 Conveni]
1414 3957 1417 3962 ’

406 4056 593 4121 STODHAM
618 4056 1012 4135 VICARIA.—Henricus,
1035 4057 1259 4141 cappellanus,
1283 4065 1492 4139 presentatus
1516 4077 1574 4139 per

316 4160 466 4230 ‚Priorem
496 4169 531 4222 et
561 4168 762 4222 conventum
795 4159 838 4223 de
869 4159 1072 4242 Dunstaplia
1105 4160 1147 4223 ad
1183 4170 1379 4243 perpetuam
1418 4160 1571 4222 vicariam

318 4263 463 4327 ecclesie
477 4262 519 4325 de
542 4263 737 4340 Stodhame‚
762 4263 950 4327 ordinatam
978 4264 1176 4328 auctoritate
1200 4264 1350 4341 Concilii‚
1373 4263 1461 4326 facta
1483 4263 1573 4344 prius

318 4367 533 4450 inquisitione
563 4388 622 4450 per
651 4368 689 4450 J,
720 4367 1003 4430 Archidiaconum
1036 4368 1244 4445 Bedesordie‚
1275 4389 1333 4451 per
1363 4386 1474 4450 quam,
1503 4374 1573 4442 etc.,

319 4472 484 4535 admissus
507 4481 558 4534 est
577 4481 611 4534 et
631 4472 665 4534 in
689 4493 728 4535 ea
750 4473 911 4535 canonice
933 4473 1075 4535 vicarius
1101 4483 1280 4555 perpetuus
1302 4473 1481 4535 institutus.
1528 4470 1573 4532 Et

318 4575 470 4638 consistit
485 4575 575 4638 dicta
591 4576 712 4638 vicaria
728 4577 761 4638 in
778 4585 850 4638 toto
865 4576 1028 4658 altaragio
1043 4575 1192 4656 ejusdem
1210 4575 1348 4639 ecclesie
1363 4595 1439 4638 cum
1456 4595 1573 4636 manso

321 4689 533 4774 competente
548 4689 583 4742 et
598 4681 791 4743 continente
803 4680 932 4742 circiter
947 4690 1076 4762 septem
1093 4701 1194 4757 acras,
1210 4680 1310 4742 salvis
1326 4681 1407 4761 ipsis
1424 4680 1526 4741 Priori
1537 4687 1573 4740 et

320 4783 489 4847 canonicis
512 4782 555 4845 de
578 4782 706 4864 prelato
727 4783 898 4865 altaragio,
913 4804 979 4846 una
1003 4805 1114 4847 marca
1137 4804 1247 4846 annua
1270 4792 1304 4846 et
1328 4783 1430 4864 agnis.
1479 4781 1572 4844 Idem

322 4895 433 4948 autem
450 4886 591 4948 vicarius
607 4885 713 4948 solvet
729 4885 893 4948 sinodalia
911 4896 945 4949 et
965 4887 1115 4949 canonici
1136 4886 1318 4968 hospitium
1336 4884 1571 4948 Archidiaconi

320 4988 552 5073 procurabunt.
599 4990 644 5052 Et
660 4989 846 5070 injunctum
862 5000 913 5053 est
930 4989 1178 5052 Archidiacono
1193 4990 1347 5073 presenti,
1363 4998 1424 5051 etc.
