3550 5692
588 586 767 681 Episcopi
788 585 1072 659 Loncolnzensis.
1190 615 1192 619 ·
1408 609 1452 678 37

198 823 340 886 domino
362 824 530 905 Episcopo
555 824 644 906 quod
669 823 757 886 idem
780 825 818 886 R.
843 824 875 885 in
901 823 1017 886 ordine
1043 823 1239 885 diaconatus
1260 825 1293 885 in
1317 825 1455 887 ecclesia

198 926 365 990 deserviet
384 938 576 1002 memorata,
592 937 625 990 et
641 925 730 1008 quod
751 927 878 989 ratione
896 926 983 988 illius
1003 927 1090 988 tituli
1113 927 1145 988 in
1162 926 1278 989 ordine
1294 929 1453 1009 superiori

201 1049 269 1091 non
286 1030 389 1111 possit
405 1029 493 1093 dicte
513 1030 650 1093 ecclesie
669 1029 840 1092 deservire.
887 1030 933 1092 Et
949 1029 1145 1091 mandatum
1162 1040 1212 1092 est
1227 1029 1318 1092 dicto
1335 1030 1453 1092 Archi·

201 1131 343 1194 diacono
358 1133 447 1214 quod
464 1133 646 1196 secundum
663 1132 803 1194 sormam
820 1134 1025 1215 premissam,
1047 1143 1107 1195 etc.

198 1401 342 1470 [Richord
355 1417 405 1454 son
423 1403 459 1469 of
470 1401 585 1469 Reyner,
597 1401 675 1466 clere,
683 1359 833 1469 presented
844 1402 966 1469 byJoan,
982 1403 1027 1455 lu's
1040 1403 1151 1466 mother,
1169 1403 1194 1454 is
1210 1402 1356 1455 instituted
1371 1408 1397 1454 to
1411 1403 1456 1454 tiu

265 1483 420 1633 pippcrrcltpep}
436 1483 562 1599 Sleenley.
601 1483 693 1593 Hugh
711 1484 745 1536 de
761 1483 907 1536 Rochester
923 1485 948 1536 is
964 1484 1116 1551 appointed
1133 1488 1160 1536 to
1178 1484 1223 1536 the
1239 1485 1376 1551 vicoroge,
1392 1486 1456 1536 tzere

288 1667 623 1732 Suum-Vacante
659 1666 797 1729 ecclesia
834 1667 876 1730 de
911 1667 1020 1744 Senle‚
1054 1689 1129 1730 cum
1165 1667 1328 1730 Ricardus
1368 1665 1454 1727 filius

201 1770 356 1851 Reyneri‚
382 1770 527 1848 clericus,
553 1769 595 1832 ad
626 1771 733 1851 ipsam
763 1771 936 1832 ecclesiam
968 1791 1026 1852 per
1052 1770 1224 1833 dominam
1254 1770 1454 1851 Johannam,

199 1882 340 1937 matrem
361 1894 465 1949 suam,
488 1883 696 1954 presentatus
720 1873 829 1935 minus
851 1873 1052 1936 sufficienter
1074 1884 1162 1936 esset
1185 1875 1358 1949 litteratus,
1378 1882 1454 1954 post

199 1977 446 2057 inquisitionem
467 1998 524 2058 per
540 1977 822 2043 Archidiaconum
841 1977 1098 2059 Huntingdonie
1117 1978 1249 2054 factam,
1266 1998 1324 2058 per
1344 1997 1454 2057 quam,

197 2090 269 2156 etc,
285 2080 386 2142 iidem
405 2081 561 2161 Johanna
576 2091 609 2143 et
626 2080 788 2142 Ricardus
805 2081 1007 2162 superdicta
1023 2081 1161 2144 ecclesia
1177 2102 1212 2143 se
1228 2081 1361 2162 penitus
1376 2079 1454 2141 sub-

194 2182 348 2262 jecerunt
377 2183 585 2246 ordinationi.
641 2182 707 2265 Qui
738 2184 904 2247 ordinavit
934 2186 968 2247 in
996 2186 1084 2247 hunc
1115 2184 1263 2260 modum,
1292 2183 1454 2258 videlicet,

199 2286 289 2367 quod
305 2286 413 2348 dictus
431 2287 603 2363 Ricardus,
618 2289 696 2368 quia
711 2308 786 2368 spes
802 2298 873 2350 erat
891 2288 934 2351 de
952 2308 1002 2364 e0,
1018 2288 1059 2350 ad
1077 2288 1357 2369 presentationem
1382 2307 1453 2367 pre-

195 2389 266 2451 fate
296 2389 450 2470 Johanne
482 2391 604 2452 habeat
642 2401 748 2453 totam
779 2391 905 2454 dictam
936 2391 1109 2454 ecclesiam
1141 2391 1183 2454 de
1215 2390 1304 2456 Senl'
1317 2414 1324 2466 ;
1363 2389 1454 2451 salva

199 2492 320 2554 vicaria
335 2493 537 2557 consistente
552 2493 585 2554 in
602 2492 794 2574 subscriptis
807 2515 813 2571 ;
837 2493 961 2556 scilicet
977 2496 1010 2555 in
1026 2493 1181 2555 omnibus
1197 2492 1453 2555 obventionibus

91 2589 92 2592 '
199 2594 311 2656 altaris
351 2605 384 2657 et
420 2595 556 2658 minutis
592 2594 729 2657 decimis
763 2583 901 2659 ecclesie
943 2596 985 2659 de
1026 2596 1114 2660 Senl'
1152 2606 1186 2658 et
1227 2597 1259 2657 in
1300 2594 1453 2657 omnibus

198 2697 336 2760 decimis
373 2699 549 2780 garbarum
588 2697 631 2760 de
667 2698 836 2761 dominico
871 2699 1008 2762 domine
1044 2688 1184 2761 Muriell'
1215 2709 1249 2761 et
1279 2699 1452 2760 hominum

196 2821 342 2878 suorum,
358 2801 401 2863 de
416 2812 489 2864 toto
505 2801 604 2864 feodo
621 2802 744 2883 Rogeri
761 2801 818 2864 filii
835 2802 982 2866 Simonis
999 2804 1032 2864 in
1048 2803 1229 2865 Titehurst'
1250 2813 1283 2865 et
1306 2811 1455 2883 preterea

200 2905 233 2965 in
257 2924 323 2966 una
347 2925 458 2967 marca
476 2926 551 2967 cum
574 2906 751 2987 premissis
766 2926 831 2986 que
851 2905 952 2968 debet
973 2907 1034 2988 ipsi
1055 2907 1177 2968 vicario
1198 2927 1256 2988 per
1271 2907 1358 2968 viros
1374 2902 1453 2966 fide·

197 3006 319 3088 dignos
341 3008 469 3088 juratos
494 3007 536 3071 de
562 3008 721 3071 mandato
747 3009 983 3071 Archidiaconi
1012 3009 1269 3091 Huntingdonie
1299 3010 1333 3070 in
1364 3017 1454 3070 certa

199 3111 351 3193 portione
380 3111 517 3174 ecclesie
541 3112 709 3193 assignari.
770 3112 816 3174 Et
843 3111 1018 3175 sustinebit
1042 3132 1184 3192 persona
1210 3112 1323 3173 omnia
1352 3131 1454 3172 onera

199 3213 399 3295 episcopalia
415 3224 448 3276 et
464 3214 740 3277 archidiaconalia
760 3215 873 3278 debita
892 3225 925 3277 et
946 3225 1105 3278 consueta
1125 3214 1212 3276 illius
1234 3213 1370 3276 ecclesie
1393 3233 1453 3294 pro

199 3318 321 3379 vicario
334 3327 525 3380 memorato
565 3317 742 3382 Ordinavit
754 3319 855 3380 etiam
869 3317 1025 3379 dominus
1040 3317 1227 3398 Episcopus
1239 3315 1328 3398 quod
1345 3316 1453 3378 dictus

200 3419 372 3496 Ricardus,
387 3441 537 3501 persona,
549 3420 655 3482 scolas
671 3421 857 3502 frequentet
872 3431 906 3483 et
924 3420 1092 3497 addiscat;
1109 3421 1159 3482 sin
1176 3430 1287 3482 autem
1305 3419 1453 3501 predicta

200 3523 338 3585 ecclesia
363 3523 508 3604 privetur
532 3533 565 3586 et
589 3523 706 3586 eadem
729 3524 783 3586 alii
802 3524 997 3587 conseratur.
1052 3524 1098 3586 Et
1121 3523 1148 3585 si
1171 3522 1259 3585 idem
1282 3522 1453 3597 Ricardus

199 3625 382 3688 decedente
400 3627 609 3703 vicario-su0,
624 3626 745 3708 dignus
761 3627 803 3712 sit
822 3627 940 3708 majori
960 3626 1119 3690 beneficio
1135 3627 1365 3702 ecclesiastico
1381 3636 1453 3688 tota

196 3728 337 3791 ecclesia
362 3729 434 3810 ipsa
458 3739 641 3807 accrescet;
667 3731 717 3791 sin
742 3741 864 3807 autem,
887 3731 987 3794 nichil
1011 3750 1158 3812 unquam
1182 3731 1325 3812 amplius
1351 3750 1451 3811 quam

91 3889 93 3891 .
198 3831 287 3913 quod
304 3831 406 3894 modo
421 3833 523 3895 habet
539 3833 571 3894 in
588 3833 678 3896 dicta
692 3833 829 3896 ecclesia
845 3834 967 3916 poterit
978 3834 1160 3897 vendicare.
1208 3834 1335 3910 Dictus
1345 3835 1453 3915 igitur,

200 3935 363 3997 Ricardus
387 3933 430 3997 ad
456 3935 638 4018 predictam
664 3933 836 3999 ecclesiam
868 3958 927 4019 per
957 3937 1128 3999 dominam
1159 3937 1348 4018 Johannam
1381 3957 1452 4018 pre-

195 4048 348 4101 sentatus
371 4049 411 4105 ,et
441 4039 475 4101 in
511 4039 617 4102 forma
650 4039 798 4121 predicta
830 4040 995 4102 admissus
1028 4051 1062 4103 et
1097 4050 1255 4122 persona
1272 4041 1451 4103 institutus

201 4142 382 4222 Hugonem
403 4141 445 4204 de
466 4143 553 4220 Rof',
571 4142 813 4225 cappellanum‚
834 4143 875 4205 ad
898 4154 1116 4206 memoratam
1137 4144 1293 4206 vicariam
1314 4143 1356 4206 de
1375 4165 1452 4205 con-

197 4265 296 4307 sensu
314 4245 416 4327 ipsius
428 4245 563 4308 domine
575 4247 736 4327 Johanne,
749 4256 897 4328 patrone,
908 4247 1045 4308 domino
1060 4247 1230 4329 Episcopo
1242 4249 1453 4329 presentavit,

195 4368 297 4429 quem
328 4349 483 4411 dominus
514 4349 556 4411 ad
581 4349 730 4430 ejusdem
762 4351 1042 4431 presentationem
1068 4350 1204 4412 admisit
1234 4361 1267 4413 et
1298 4351 1331 4412 in
1364 4351 1454 4413 dicta

192 4452 335 4532 ecclesia
351 4453 508 4516 vicarium
525 4463 722 4535 perpetuum
739 4454 889 4516 instituit.
937 4453 982 4516 Et
998 4454 1184 4534 injunctum
1202 4463 1252 4516 est
1269 4454 1318 4529 R,
1335 4453 1453 4515 Archi-

199 4555 341 4617 diacono
360 4555 624 4637 Huntingdonie,
639 4566 699 4619 etc.
845 4556 848 4560 ’

758 4649 887 4662 —n—

193 4741 208 4805 Ι
215 4739 290 4804 loten
303 4739 399 4804 Foliot,
408 4741 558 4808 presented
571 4741 605 4808 by
615 4742 661 4794 the
671 4741 761 4794 Abtot
773 4741 834 4793 and
851 4742 977 4794 Conveni
985 4743 1021 4809 os
1029 4743 1155 4810 Romsey,
1168 4743 1193 4794 is
1208 4743 1355 4795 instituted
1367 4748 1395 4795 to
1409 4743 1456 4796 tlte

61 4871 90 4902 „¹
261 4821 410 4889 ehrercleof
419 4822 566 4890 Therfield.
598 4823 626 4875 A
633 4824 753 4889 pension
765 4824 791 4874 is
800 4824 930 4876 reserved
938 4829 965 4876 to
976 4824 1021 4876 tlte
1031 4823 1124 4891 Abbey
1133 4825 1169 4892 os
1175 4823 1313 4891 Romsey.]

48 4957 56 4966 ι
88 4989 93 4996 ,
166 4960 193 4970 ν-
284 4923 713 5006 TEREFELD.-—Johannes
745 4925 773 4987 F
775 4924 867 5001 oliot,
891 4935 1099 5006 presentatus
1132 4942 1190 5006 per
1217 4924 1387 4988 Abbatem
1421 4935 1455 4989 et

195 5037 399 5090 conventum
431 5027 472 5090 de
498 5028 675 5091 Rameseia
705 5028 747 5089 ad
772 5027 945 5090 ecclesiam
961 5027 1014 5096 ¹de
1043 5027 1215 5103 Tereseld’‚
1245 5028 1333 5090 facta
1364 5029 1454 5111 prius
