3550 5692
319 551 385 619 192
652 527 789 603 Rotuli
812 528 991 625 Hugonis
1016 526 1060 601 de
1095 524 1227 600 Welles

313 764 411 833 [John
429 763 464 817 de
481 762 569 828 Lada,
581 763 750 825 wideaeon
756 762 910 831 presented
925 762 1021 830 hythe
1037 762 1124 815 Pn'or
1140 762 1201 815 and
1219 761 1398 830 Conventus
1411 760 1534 821 Belvoir‚
1545 761 1571 813 is

376 845 521 899 instituted
530 850 557 898 to
567 845 613 898 the
622 844 724 899 churele
735 845 771 913 es
781 843 942 913 Uffingten]

400 948 856 1030 UFFINGTON’.-Magister
876 946 1048 1028 Johannes
1064 945 1107 1009 de
1132 945 1234 1022 Lada,
1250 944 1482 1019 subdiaconus,
1497 963 1569 1026 pre-

312 1063 462 1118 sentatus
487 1074 545 1137 per
569 1052 716 1115 Priorem
741 1060 775 1115 et
799 1059 1002 1114 conventum
1027 1048 1071 1112 de
1099 1049 1238 1113 Belvero
1261 1048 1303 1113 ad
1327 1047 1501 1113 ecclesiam
1524 1046 1568 1110 de

313 1156 508 1239 Uffington',
519 1157 607 1220 iacta
619 1155 709 1237 prius
725 1153 939 1236 inquisitione
954 1174 1013 1235 ρετ
1025 1152 1073 1228 R.,
1087 1152 1371 1216 Archidiaconum
1386 1150 1569 1227 Lincolnie,

312 1282 371 1344 per
393 1281 504 1343 quam,
519 1270 590 1337 eto,
605 1258 648 1323 ad
673 1257 815 1323 eandem
841 1257 1007 1320 admissus
1031 1266 1091 1331 est,
1113 1266 1174 1321 etc.
1221 1256 1267 1319 Et
1298 1255 1493 1319 mandatum
1517 1264 1569 1317 est

311 1364 403 1428 dicto
420 1361 666 1427 Archidiacono
683 1372 728 1438 ut,
743 1371 805 1425 etc.

310 1512 399 1581 [Jolm
411 1511 445 1565 de
464 1512 585 1580 cybaeay,
597 1511 765 1573 sub-deacon.
773 1510 924 1579 presented
936 1510 970 1579 by
985 1509 1111 1564 Wlliam
1128 1508 1162 1563 de
1179 1508 1327 1577 Menneu,
1340 1510 1365 1561 is
1382 1507 1529 1561 instituted
1542 1512 1571 1560 to

374 1595 420 1648 tlte
427 1594 529 1648 chureii
539 1595 575 1662 os
582 1594 709 1662 Manip]

398 1697 818 1778 MANNEBY.-Johannes
841 1696 884 1759 de
908 1695 1075 1778 Cybecay‚
1096 1694 1330 1771 subdiaconus,
1358 1702 1568 1778 presentatus

310 1821 369 1883 per
391 1800 597 1865 Willelmum
621 1801 663 1864 de
688 1800 871 1883 Manneby,
888 1800 1037 1877 militem,
1053 1799 1095 1863 ad
1119 1799 1293 1863 ecclesiam
1316 1798 1359 1861 de
1388 1796 1569 1879 Manneby,

309 1901 399 1967 facta
413 1904 503 1987 prius
519 1905 732 1987 inquisitione
750 1925 808 1987 per
825 1905 873 1981 R.,
886 1902 1170 1968 Archidiaconum
1189 1902 1370 1979 Lincolnie,
1383 1922 1441 1985 per
1456 1921 1569 1983 quam,

309 2015 380 2082 etc„
395 2006 438 2069 ad
461 2007 603 2071 eandem
620 2008 787 2071 admissus
803 2017 862 2083 est,
878 2016 939 2092 qtc.
988 2008 1033 2070 Et
1056 2005 1253 2071 mandatum
1269 2016 1320 2069 est
1342 2004 1434 2068 dicto
1450 2003 1569 2067 Archi-

309 2107 452 2172 diacono
464 2120 510 2187 ut,
519 2122 580 2174 etc.
628 2112 673 2175 Et
690 2111 877 2193 injunctum
889 2121 940 2174 est
956 2110 1046 2174 dicto
1062 2111 1225 2186 instituto
1236 2109 1300 2172 sub
1315 2122 1402 2191 pena
1416 2106 1568 2171 beneficii

310 2210 449 2295 predicti
464 2214 651 2291 amittendi,
666 2214 757 2296 quod
773 2214 881 2277 scolas
897 2213 1084 2296 frequentet
1099 2224 1133 2278 et
1149 2213 1308 2277 addiscat.
1573 2204 1574 2207 ¹

309 2360 399 2426 [Alan
411 2361 445 2414 de
456 2362 642 2431 Hauerberge.
654 2363 791 2431 cteaplain,
797 2362 947 2430 presented
960 2363 994 2431 by
1004 2364 1050 2415 tne
1061 2363 1148 2442 Prior
1156 2362 1217 2414 and
1233 2361 1359 2415 Conveni
1372 2361 1409 2429 of
1421 2354 1565 2428 Farlezgt‘,

373 2443 399 2494 is
408 2443 554 2498 instituted
562 2450 590 2497 to
600 2444 646 2497 tlte
658 2444 759 2497 edureh
771 2445 807 2512 es
818 2444 943 2513 Wyvill]

398 2545 769 2610 WVWELL'.-Alanus
791 2547 835 2610 de
861 2546 1087 2629 Hauerberge‚
1110 2546 1334 2629 cappellanus
1358 2553 1568 2627 presentatus

310 2669 368 2731 ρετ
384 2648 531 2712 Priorem
557 2660 592 2712 et
617 2661 819 2714 conventum
843 2651 886 2714 de
912 2650 1037 2734 Ferleg’
1060 2650 1103 2714 ad
1129 2650 1303 2713 ecclesiam
1327 2648 1371 2713 de
1394 2648 1568 2731 Wywella‚

309 2751 398 2815 sacta
413 2754 503 2836 prius
518 2753 733 2835 inquisitione
748 2774 807 2837 per
824 2754 872 2831 R.‚
884 2753 1167 2817 Archidiaconum
1187 2753 1367 2829 Lincolnie,
1384 2773 1442 2835 per
1456 2771 1568 2834 quam,

308 2866 380 2934 etc„
395 2856 438 2920 ad
461 2857 602 2921 eandem
620 2857 786 2921 admissus
801 2868 861 2934 est,
875 2868 937 2921 etc.
986 2859 1031 2922 Et
1054 2859 1250 2922 mandatum
1267 2868 1318 2921 est
1340 2857 1432 2921 dicto
1450 2856 1567 2920 Archi-

309 2959 451 3024 diacono
467 2971 512 3039 ut,
527 2972 588 3026 etc.

309 3108 420 3177 [Philip
429 3109 463 3163 de
474 3109 611 3179 Doueryd
623 3110 790 3173 sub-decern,
799 3111 949 3178 presented
956 3112 990 3180 by
1000 3111 1046 3164 tlte
1057 3110 1144 3164 Prior
1152 3110 1213 3163 and
1224 3110 1350 3164 Conveni
1359 3109 1395 3178 os
1401 3108 1531 3169 Eisdem,
1543 3110 1569 3161 is

373 3192 519 3245 instituted
533 3197 561 3244 to
577 3193 623 3245 the
641 3192 742 3246 chureii
760 3195 795 3260 os
809 3192 960 3262 Kingerby.
994 3194 1043 3245 An
1061 3194 1172 3261 annreql
1182 3195 1318 3265 paynrent
1337 3192 1373 3259 of
1384 3209 1404 3257 5
1426 3191 1522 3243 marks
1543 3190 1569 3243 is

373 3273 504 3326 reserued
512 3279 539 3326 to
550 3274 596 3327 ttee
609 3273 633 3326 C
631 3275 753 3349 euveni]

398 3384 839 3468 KYNEREBv.—Philippus
862 3386 905 3449 de
929 3386 1094 3469 Doverya‚
1111 3386 1343 3462 subdiaconus,
1359 3395 1567 3466 presentatus

312 3507 371 3569 ρετ
387 3487 534 3551 Priorem
550 3499 584 3551 et
599 3500 802 3552 conventum
818 3489 861 3553 de
878 3489 1049 3553 Ellesham
1066 3488 1108 3551 ad
1124 3490 1298 3553 ecclesiam
1315 3488 1358 3551 de
1374 3487 1568 3571 Kynereby,

310 3589 398 3653 lacta
414 3591 504 3673 prius
521 3591 734 3673 inquisitione
750 3612 810 3674 per
826 3593 874 3667 R.,
888 3591 1172 3655 Archidiaconum
1192 3591 1373 3669 Lincolnie,
1383 3612 1441 3674 per
1455 3611 1568 3673 quam,

309 3703 379 3771 etc,
395 3694 437 3757 ad
454 3693 596 3757 eandem
612 3694 778 3757 admissus
793 3704 853 3771 est,
868 3704 929 3758 etc.
945 3717 952 3773 ;
975 3694 1074 3757 salvis
1089 3695 1188 3758 dictis
1206 3695 1308 3759 Priori
1332 3703 1366 3757 et
1389 3694 1566 3758 conventui

315 3796 420 3860 tribus
440 3798 559 3860 marcis
578 3798 696 3860 annuis
719 3799 855 3861 nomine
878 3799 1029 3881 perpetui
1053 3797 1213 3876 beneficii,
1229 3796 1390 3861 solvendo
1408 3795 1567 3861 medieta-

309 3910 378 3964 tem
391 3900 434 3964 ad
446 3901 567 3965 festum
580 3901 808 3979 Pentecostes3
823 3912 857 3965 et
870 3902 990 3964 missus
1000 3911 1051 3965 est
1061 3902 1094 3964 in
1107 3901 1312 3985 corporalem
1323 3901 1565 3985 possessionem

310 4025 369 4088 per
385 4005 436 4068 W.
453 4004 496 4068 de
512 4004 765 4082 Winchecumb‚
780 4006 823 4069 de
842 4006 977 4089 speciali
995 4005 1155 4069 mandato
1170 4005 1298 4069 domini
1317 4004 1566 4069 Lincolniensis.

308 4153 459 4217 [Matthew
474 4153 508 4205 de
527 4153 690 4217 relevanda,
702 4154 870 4218 suddeacon,
883 4155 1033 4222 presented
1045 4156 1077 4223 by
1093 4156 1139 4208 the
1155 4156 1245 4211 Addet
1258 4155 1320 4209 and
1336 4155 1462 4208 Conveni
1475 4156 1512 4224 of
1526 4153 1566 4208 St.

374 4234 466 4298 Seuer,
479 4237 504 4288 is
514 4235 660 4288 instituted
668 4241 695 4288 te
706 4236 750 4288 the
761 4235 863 4289 chureii
875 4238 910 4305 os
916 4236 1096 4305 Haugdam]

398 4345 783 4411 HACCAM'.-Matheus
806 4347 849 4411 de
875 4348 1077 4424 Talevenda,
1100 4348 1332 4425 subdiaconus,
1355 4356 1566 4431 presentatus

310 4470 368 4532 per
380 4449 551 4513 Abbatem
568 4460 602 4513 et
617 4461 818 4514 conventum
837 4451 952 4516 Sancti
969 4451 1083 4516 Severi
1100 4451 1142 4514 ad
1158 4452 1331 4515 ecclesiam
1348 4451 1391 4514 de
1405 4450 1565 4528 Haccam,

309 4552 398 4617 sacta
412 4554 502 4636 prius
518 4554 731 4636 inquisitione
747 4575 806 4637 ρετ
822 4555 871 4631 R.‚
887 4554 1171 4618 Archidiaconum
1190 4555 1370 4631 Lincolnie,
1381 4574 1439 4637 per
1454 4573 1566 4635 quam,

309 4666 379 4732 etc.‚
395 4656 438 4719 ad
454 4656 598 4720 eundem
618 4657 784 4720 admissus
804 4668 863 4735 est,
878 4669 913 4722 et
934 4658 967 4720 in
983 4679 1023 4721 ea
1039 4660 1197 4722 canonice
1217 4679 1358 4741 persona
1374 4657 1565 4735 institutus;

309 4760 360 4822 cui
392 4758 577 4839 injunctum
602 4770 662 4836 est,
687 4759 749 4822 sub
771 4759 886 4823 debito
908 4760 1097 4841 juramenti,
1120 4760 1209 4843 quod
1235 4762 1411 4824 honestum
1442 4758 1566 4823 habeat

309 4863 518 4945 capellanum
535 4865 591 4944 qui
616 4863 764 4946 linguam
781 4864 864 4926 sciat
881 4864 1069 4947 Anglicam.
1116 4864 1161 4927 Et
1185 4862 1380 4928 mandatum
1398 4872 1448 4929 est
1471 4861 1564 4929 dicto

310 4964 557 5032 Archidiacono
573 4978 619 5046 ut,
630 4977 690 5033 etc.
