3550 5692
587 548 764 650 Episcopi
796 545 1079 627 Lz‘ncolm'ensz‘s.
1389 570 1456 647 103

205 792 355 854 consistit
371 791 461 854 dicta
477 792 598 853 vicaria
613 792 646 853 in
663 801 735 854 toto
751 790 921 873 alteragi0,
931 800 1026 867 terra,
1036 799 1069 853 et
1084 789 1240 853 domibus
1256 790 1299 854 ad
1315 790 1457 855 eandem

204 895 377 958 ecclesiam
401 894 650 977 pertinentibus.
702 894 792 958 Dicti
816 904 928 958 autem
955 894 1046 957 Prior
1068 903 1103 957 et
1133 905 1315 958 conventus
1345 894 1458 958 omnia

203 1018 305 1061 onera
335 998 501 1061 ordinaria
531 998 617 1060 illius
647 998 785 1061 ecclesie
814 997 1026 1061 sustinebunt
1060 1007 1169 1079 preter
1198 998 1370 1075 sinodalia,
1392 1019 1458 1080 que

204 1103 344 1165 vicarius
368 1102 540 1185 persolvet¹
586 1101 658 1166 Sub
680 1101 741 1164 hac
765 1122 852 1184 pena
873 1101 976 1164 etiam
1000 1101 1108 1165 dictus
1131 1102 1271 1165 vicarius
1292 1101 1458 1165 admissus

204 1215 263 1283 est,
275 1206 376 1288 quod,
392 1206 418 1267 si
435 1205 589 1268 decetero
605 1205 790 1268 constiterit
806 1205 915 1286 ipsum
935 1204 1155 1268 concubinam
1172 1214 1293 1283 tenere,
1303 1206 1458 1269 vicariam

203 1330 298 1373 suam
314 1310 459 1373 amittat.
506 1309 551 1373 Et
568 1308 764 1371 mandatum
784 1319 834 1370 est
852 1307 943 1371 dicto
963 1307 1208 1372 Archidiacono
1232 1309 1320 1392 quod
1342 1330 1457 1373 secun-

205 1413 286 1476 dum
303 1412 445 1477 sormam
462 1413 668 1495 premissam,
682 1421 743 1475 etc.

204 1584 351 1652 [Wlliam
364 1584 501 1650 chaphtor,
509 1581 657 1649 presented
664 1582 698 1650 by
714 1583 759 1634 tlte
770 1582 928 1634 Abbotond
938 1582 1065 1635 Convent
1073 1583 1110 1651 os
1124 1582 1268 1651 Croylond,
1282 1586 1308 1637 is
1318 1582 1462 1637 instituted

269 1671 297 1719 to
307 1665 353 1717 tlte
363 1664 465 1719 church
475 1665 511 1733 os
517 1666 558 1718 St.
570 1664 701 1725 Michoet
712 1664 878 1732 Stamsord.]

294 1768 479 1832 Eccuusm
503 1768 644 1832 Snucm
678 1767 891 1831 Mrcnnams
923 1781 963 1831 m
997 1767 1463 1847 §Taurorum-willelmus,

205 1871 430 1955 cappellanus
452 1880 662 1953 presentatus
681 1892 739 1953 per
760 1870 930 1934 Abbatem
952 1880 986 1934 et
1005 1881 1206 1935 conventum
1224 1872 1401 1955 Croyland'
1418 1872 1461 1935 ad

124 1985 130 1999 “
205 1976 379 2040 ecclesiam
397 1975 512 2040 Sancti
530 1975 704 2039 Michaelis
720 1976 753 2038 in
771 1975 948 2052 Stanlord’,
964 1974 1052 2039 facta
1068 1976 1157 2059 prius
1174 1977 1387 2059 inquisitione
1404 1998 1462 2059 per

206 2078 491 2141 Archidiaconum
517 2079 697 2156 Lincolnie,
721 2100 779 2161 per
801 2100 913 2161 quam,
935 2089 1006 2156 etc,
1029 2080 1193 2143 admissus
1220 2090 1280 2157 est,
1302 2089 1336 2143 et
1361 2081 1394 2143 in
1422 2101 1462 2144 ea

205 2182 365 2245 canonice
388 2203 530 2265 persona
553 2182 732 2259 institutus,
755 2203 830 2245 cum
854 2203 954 2246 onere
977 2184 1010 2244 in
1034 2184 1166 2266 propria
1189 2204 1330 2267 persona
1352 2182 1460 2247 eidem

206 2285 422 2349 deserviendi.
480 2288 518 2350 In
544 2286 752 2349 institutione
782 2286 918 2368 quidem
944 2285 1065 2368 adjecit
1090 2286 1245 2350 dominus
1274 2286 1461 2370 Episcopus

206 2390 315 2453 eidem
339 2390 536 2473 cappellano
559 2389 658 2472 quod,
673 2392 700 2452 si
726 2392 758 2453 in
786 2390 888 2453 domo
915 2411 975 2453 sua
998 2391 1049 2453 vel
1074 2391 1151 2453 alibi
1178 2391 1348 2455 mulierem
1373 2390 1462 2455 unde

208 2493 296 2556 mala
311 2494 455 2576 suspicio
471 2493 633 2556 habeatur
654 2514 767 2556 secum
784 2494 935 2571 tenuerit,
950 2493 1089 2557 ecclesia
1112 2494 1183 2576 ipsa
1204 2495 1370 2577 spolietur.
1417 2495 1463 2558 Et

208 2597 405 2662 mandatum
422 2607 472 2660 est
489 2596 617 2680 prelato
636 2596 881 2660 Archidiacono
898 2597 997 2680 quod,
1013 2607 1073 2661 etc.

207 2768 343 2835 [Thomas
362 2767 396 2820 de
413 2768 563 2830 Loventon,
585 2766 663 2830 clerk,
671 2766 820 2833 presented
833 2766 866 2834 by
876 2768 922 2819 tlte
938 2767 1025 2820 Prior
1033 2767 1094 2820 ond
1107 2768 1192 2820 Nuus
1203 2769 1239 2836 os
1251 2768 1427 2837 Bullington,
1439 2769 1465 2822 is

272 2849 418 2902 rosamo
426 2854 453 2901 to
465 2849 510 2901 the
521 2849 622 2901 churclr
634 2849 669 2917 os
675 2849 764 2902 South
775 2848 898 2918 Restm]

297 2950 647 3014 RISTON.—Thomas
680 2950 722 3013 de
755 2950 949 3028 Loventon’,
983 2952 1129 3029 clericus
1160 2964 1370 3035 presentatus
1407 2974 1465 3037 per

208 3054 355 3117 Priorem
379 3064 413 3117 et
437 3054 598 3117 moniales
621 3054 663 3117 de
687 3054 854 3136 Buligton'
879 3054 922 3117 ad
949 3056 1122 3119 ecclesiam
1148 3055 1190 3119 de
1216 3058 1354 3135 Riston',
1377 3057 1466 3121 lacta

208 3158 299 3239 prius
318 3157 531 3239 inquisitione
547 3178 605 3240 per
621 3157 682 3234 W,
699 3156 982 3221 Archidiaconum
1001 3159 1182 3237 Lincolnie,
1194 3180 1253 3242 per
1268 3182 1379 3242 quam,
1395 3171 1466 3240 etc,

208 3260 373 3323 admissus
388 3270 448 3338 est,
464 3271 498 3324 et
514 3261 547 3323 in
570 3282 610 3323 ea
632 3262 791 3323 canonice
806 3282 948 3343 persona
963 3262 1144 3339 institutus
1160 3283 1235 3327 cum
1252 3283 1351 3328 onere
1371 3264 1404 3326 in
1424 3286 1465 3328 ea

208 3365 426 3447 personaliter
449 3364 482 3426 in
505 3363 615 3426 officio
638 3363 833 3427 sacerdotali
858 3364 1076 3428 ministrandi.
1124 3366 1168 3429 Et
1193 3366 1390 3431 mandatum
1413 3378 1464 3432 est

210 3468 469 3544 Archidiacon0‚
484 3477 545 3531 etc.

208 3638 297 3707 [Alan
317 3638 350 3691 de
368 3637 529 3699 Helleinton,
539 3638 618 3702 clerk,
626 3637 775 3704 presented
782 3638 815 3705 by
828 3637 934 3691 Gilbert
947 3654 998 3690 son
1009 3639 1045 3705 of
1056 3637 1172 3703 Horold,
1186 3639 1210 3691 ir
1222 3640 1369 3694 tintituted
1383 3646 1410 3694 to
1421 3640 1467 3695 tlte

275 3719 375 3772 church
392 3721 428 3787 of
437 3719 630 3783 Conirlrolmo]

298 3822 807 3886 KUNINGESHOLM'.-Alanus
823 3822 866 3885 de
884 3822 1243 3901 Helklnton’,clericuS,
1254 3834 1464 3906 presentatus

211 3948 269 4008 per
286 3926 473 3991 Gilbertum
493 3925 597 3987 filium
623 3925 773 4002 Haraldi‚
789 3926 938 4003 militem,
954 3926 996 3989 ad
1018 3926 1191 3989 ecclesiam
1212 3926 1255 3991 de
1272 3927 1464 4011 Kuninges-

211 4029 321 4105 holm’,
344 4027 432 4091 facta
455 4029 545 4110 prius
570 4029 782 4110 inquisitione
807 4049 864 4111 per
889 4029 951 4106 W,
973 4028 1255 4093 Archidiaconum
1286 4030 1466 4109 Lincolnie,

212 4154 270 4215 per
285 4153 396 4214 quam,
411 4140 482 4208 etc,
497 4140 540 4207 et,
551 4131 688 4194 domino
706 4132 852 4195 Martino
868 4132 911 4195 de
928 4133 1130 4211 Patteshull',
1146 4135 1202 4216 qui
1218 4155 1292 4197 eam
1310 4136 1465 4218 proximo

212 4235 368 4319 possedit,
384 4233 477 4296 illum
499 4235 697 4317 resignante,
718 4235 882 4299 admissus
898 4246 957 4313 est,
978 4246 1012 4300 et
1034 4257 1175 4319 persona
1195 4238 1373 4315 institutus
1389 4261 1464 4303 cum

212 4361 312 4403 onere
326 4338 436 4401 eidem
460 4339 493 4400 in
510 4337 618 4401 officio
641 4339 838 4403 sacerdotali
861 4330 1078 4422 personaliter
1092 4340 1308 4405 deserviendi.
1356 4343 1401 4407 Et
1417 4345 1464 4407 in-

209 4442 362 4524 junctum
393 4450 444 4504 est
474 4440 565 4504 dicto
596 4441 842 4507 Archidiacono
872 4442 963 4525 quod
994 4443 1177 4507 secundum
1215 4444 1356 4509 formam
1393 4468 1464 4529 pre-

213 4547 359 4623 missam,
373 4554 434 4609 etc.

216 4704 366 4770 [Robodrae
388 4702 466 4764 clerk,
480 4700 630 4767 presented
642 4701 676 4768 by
694 4702 740 4754 tlte
756 4702 870 4766 Master,
890 4702 1021 4767 Pn'oress,
1040 4703 1101 4756 and
1119 4704 1204 4757 Nurrs
1225 4706 1262 4772 os
1273 4707 1417 4775 Stanfield,
1441 4709 1467 4760 is

277 4784 423 4838 imtitutcd
431 4790 458 4835 to
469 4782 623 4835 thechurch
634 4784 670 4850 os
676 4783 824 4852 Somerbyq

302 4884 787 4963 SUMEREDEBY.-RaboduS,
803 4885 949 4963 clericus
965 4899 1174 4970 presentatus
1193 4910 1251 4972 per
1267 4890 1465 4973 Magistrum

214 5002 247 5055 et
264 4988 459 5053 Priorissam
475 4996 509 5049 et
520 4987 681 5050 moniales
696 4988 738 5050 de
749 4988 921 5053 Steinleld’
935 4990 978 5053 ad
993 4991 1166 5056 ecclesiam
1176 4993 1219 5057 de
1229 4993 1468 5078 Sumeredeby,
