3550 5692
351 591 399 681 84
694 588 831 662 Rutuli
852 587 1029 684 Hugonz's
1054 586 1098 659 de
1132 586 1265 659 Welles

352 829 438 893 filius
454 830 590 906 Warini,
607 828 769 893 Ricardus
790 830 927 906 Mercer,
940 829 1053 892 Adam
1071 827 1156 891 filius
1174 826 1307 890 Radulfi
1326 827 1461 889 Pistoris
1480 834 1607 901 tenent,

351 944 385 997 et
401 934 433 996 in
454 956 478 996 x
498 931 612 996 solidis
631 934 803 997 annuatim
823 933 866 997 de
885 933 983 997 dictis
1005 933 1116 996 Priore
1134 942 1168 995 et
1188 943 1353 995 conventu
1371 929 1607 1013 percipiendis;

350 1049 384 1101 et
404 1038 466 1121 ipsi
487 1038 579 1099 Prior
600 1046 634 1101 et
653 1046 836 1100 conventus
860 1037 1085 1121 procurabunt
1105 1036 1287 1119 hospitium
1306 1034 1552 1109 Archidiaconi,
1573 1043 1607 1095 et

350 1150 460 1204 cetera
478 1161 587 1217 onera,
606 1150 682 1218 etc.;
704 1150 738 1203 et
754 1140 976 1223 providebunt
991 1139 1034 1203 de
1048 1139 1142 1203 tosto.
1191 1138 1236 1203 Et
1256 1148 1306 1201 est
1323 1137 1444 1201 vicaria
1464 1137 1497 1219 iij
1520 1158 1606 1199 mar-

352 1264 465 1307 carum
481 1254 514 1308 et
530 1244 674 1308 dimidie.

351 1414 460 1483 [Simon
471 1414 505 1467 de
516 1414 631 1478 Sudton,
643 1414 782 1483 chaplain,
789 1414 940 1483 presented
945 1413 978 1482 by
989 1414 1035 1466 the
1046 1414 1134 1467 Pn'or
1142 1413 1203 1465 and
1214 1412 1340 1466 Conveni
1348 1412 1384 1479 os
1389 1411 1568 1479 Bullington,
1582 1412 1607 1461 is

415 1496 561 1549 imtituted
568 1497 649 1549 mear
656 1497 692 1566 os
703 1496 870 1564 Wnlkorpc.
909 1496 935 1547 T
932 1496 965 1549 lu
975 1496 1106 1563 vr'carage
1117 1496 1142 1548 is
1153 1494 1309 1558 desm'bed.]

437 1606 833 1689 WINTHORP.-(xxxiv
853 1606 1061 1689 marcarum).
1108 1606 1225 1671 Simon
1249 1604 1292 1667 de
1316 1602 1457 1681 Sudton,
1473 1603 1607 1686 cappel-

350 1711 454 1789 lanus
464 1731 522 1792 per
535 1711 680 1773 Priorem
692 1720 726 1773 et
738 1720 939 1773 conventum
950 1709 992 1772 de
1006 1707 1175 1771 Bullinton
1187 1708 1228 1771 ad
1242 1717 1436 1790 perpetuam
1449 1708 1605 1771 vicariam

350 1812 438 1878 dicte
452 1814 590 1877 ecclesie
610 1822 827 1896 presentatus,
845 1822 896 1876 est
915 1812 1088 1889 admissus,
1108 1822 1190 1890 etc.;
1211 1833 1276 1894 que
1298 1812 1344 1874 sic
1365 1821 1415 1875 est
1437 1810 1606 1874 ordinata:

350 1918 489 1982 vicarius
505 1917 640 1980 habebit
658 1938 811 1980 mansum
828 1927 1022 1999 competens
1037 1926 1071 1979 et
1087 1916 1223 1992 bonum,
1238 1925 1271 1979 et
1287 1936 1348 1977 sex
1365 1915 1531 1996 quarteria
1541 1914 1606 1977 sru-

350 2022 453 2086 menti
470 2021 656 2104 paccabilis,
666 2030 699 2085 et
711 2021 774 2084 tria
789 2021 955 2102 quarteria
970 2019 1061 2083 ordei
1078 2020 1256 2102 peccabilis
1272 2019 1444 2081 annuatim
1453 2041 1460 2096 ;
1484 2039 1605 2101 panem

269 2128 273 2139 “
349 2126 450 2189 etiam
460 2124 503 2187 de
519 2125 623 2202 altari,
635 2125 821 2189 oblationes
834 2126 866 2187 in
878 2123 1059 2206 majoribus
1072 2122 1371 2206 solempnitatibus,
1387 2122 1606 2185 obventiones

349 2230 383 2292 in
399 2229 614 2306 consessione,
635 2228 818 2293 secundum
839 2228 997 2309 legatum,
1013 2248 1073 2309 pro
1092 2227 1301 2310 sponsalibus
1319 2226 1373 2307 jd,
1393 2246 1452 2310 pro
1468 2246 1607 2308 corpore

349 2334 493 2418 presenti
511 2332 571 2414 jd.;
594 2332 730 2395 habebit
756 2341 868 2395 autem
894 2332 1033 2395 vicarius
1058 2330 1100 2394 ad
1126 2332 1283 2395 vestitum
1309 2351 1404 2393 suum
1431 2331 1604 2392 annuatim

349 2457 449 2499 unam
461 2456 605 2499 marcam
623 2435 665 2499 de
681 2436 779 2500 dictis
790 2436 901 2499 Priore
912 2444 945 2499 et
958 2446 1139 2513 conventu;
1158 2444 1190 2499 et
1204 2435 1265 2517 ipsi
1277 2436 1369 2497 Prior
1378 2444 1411 2497 et
1421 2444 1606 2497 conventus

348 2540 517 2603 invenient
532 2539 623 2602 dicto
638 2540 760 2603 vicario
776 2539 931 2602 clericum
948 2538 1104 2602 idoneum
1122 2540 1155 2602 in
1168 2539 1325 2621 expensis
1336 2539 1402 2601 suis
1413 2539 1562 2621 propriis,
1571 2548 1605 2601 et

349 2643 572 2727 procurabunt
587 2642 768 2725 hospitium
783 2642 1019 2705 Archidiaconi
1036 2651 1070 2705 et
1081 2652 1191 2705 cetera
1206 2662 1316 2717 onera,
1327 2650 1397 2718 etc,
1407 2651 1440 2704 et
1453 2641 1604 2724 provide-

348 2748 431 2810 bunt
447 2746 489 2809 de
504 2746 597 2809 tosto
645 2746 689 2809 Et
705 2745 793 2809 valet
809 2746 930 2809 vicaria
945 2746 1073 2808 circiter
1089 2745 1131 2827 vij
1151 2766 1285 2808 marcas.

346 2917 437 2985 [Alan
448 2917 482 2970 de
490 2916 652 2984 Oggestorp,
661 2915 799 2983 chaplain,
803 2915 953 2983 presented
962 2915 1046 2983 hythe
1057 2915 1122 2967 said
1129 2915 1283 2968 Priorand
1294 2915 1421 2968 Conveni
1429 2916 1465 2983 os
1470 2915 1605 2984 Bulling-

411 3004 464 3062 ton,
477 2999 502 3050 is
512 2997 658 3050 instituted
666 2998 746 3050 mear
754 2999 790 3066 of
794 2997 905 3065 Burglr.
943 2997 1000 3050 The
1011 3000 1142 3065 vr'carage
1152 2999 1178 3050 is
1187 2997 1343 3065 described]

435 3108 739 3172 BURG.—Allanus
754 3107 797 3171 dc
813 3108 1014 3190 Oggestorp
1030 3108 1229 3191 capellanus,
1239 3108 1281 3171 ad
1295 3118 1489 3191 perpetuam
1500 3109 1604 3171 vicar-

347 3214 413 3275 iam
433 3211 522 3275 dicte
540 3211 677 3275 ecclesie
703 3232 760 3294 per
782 3211 890 3275 dictos
913 3213 1057 3275 Priorem
1085 3222 1119 3275 et
1140 3222 1341 3276 conventum
1369 3213 1411 3275 de
1432 3212 1603 3275 Bullinton

347 3325 565 3399 presentatus,
577 3324 628 3378 est
644 3315 818 3391 admissus
827 3325 903 3393 etc.;
927 3336 991 3397 que
1004 3318 1050 3378 sic
1066 3315 1219 3381 ordinata
1235 3326 1299 3379 est:
1315 3317 1455 3379 vicarius
1467 3316 1604 3379 habebit

347 3420 555 3503 capellanum
566 3419 702 3497 socium,
711 3428 745 3483 et
755 3419 892 3483 habebit
902 3420 1074 3483 annuatim
1085 3420 1260 3483 tresdecim
1272 3421 1437 3501 quarteria
1447 3420 1603 3484 frumenti

347 3523 533 3607 paccabilis,
562 3532 595 3585 et
620 3544 680 3586 sex
706 3524 872 3604 quarteria
896 3522 987 3586 ordei
1013 3523 1200 3606 paccabilis,
1224 3533 1258 3585 et
1282 3524 1366 3586 duas
1394 3544 1521 3586 marcas
1547 3545 1605 3607 per

347 3648 481 3704 annum,
496 3637 530 3690 et
545 3626 625 3689 dicti
648 3627 739 3689 Prior
757 3636 791 3689 et
812 3636 995 3689 conventus
1016 3628 1185 3690 invenient
1209 3627 1363 3690 clericum
1388 3627 1545 3690 idoneum
1571 3630 1603 3689 in
1703 3628 1713 3650 ‘

345 3732 503 3813 expensis
519 3730 673 3812 propriis;
696 3739 730 3792 et
746 3729 881 3792 habebit
898 3730 1038 3792 vicarius
1055 3751 1176 3813 panem
1192 3730 1235 3793 de
1251 3730 1355 3806 altari,
1367 3731 1554 3794 oblationes
1570 3733 1603 3793 in

348 3833 528 3915 majoribus
543 3833 843 3915 solempnitatibus,
853 3833 1071 3896 obventiones
1087 3835 1120 3895 in
1137 3834 1408 3911 confessionibus,
1419 3834 1602 3897 secundum

348 3937 504 4019 legatum,
514 3957 574 4018 pro
590 3936 800 4018 sponsalibus
813 3936 868 4017 jd,
882 3956 942 4018 pro
954 3957 1091 4019 corpore
1107 3938 1251 4019 presenti
1265 3937 1326 4018 ja'.;
1349 3947 1383 3999 et
1395 3939 1457 4020 ipsi
1469 3939 1562 4000 Prior
1570 3947 1603 4001 et

348 4050 531 4103 conventus
555 4040 778 4122 procurabunt
801 4040 982 4122 hospitium
1007 4040 1244 4103 Archidiaconi
1263 4050 1296 4104 et
1313 4051 1423 4104 cetera
1445 4062 1555 4118 onera,
1570 4052 1603 4105 et

349 4144 570 4227 providebunt
585 4142 628 4205 de
643 4142 736 4206 toste.
784 4144 828 4206 Et
844 4143 933 4207 valet
949 4144 1076 4207 circiter
1092 4145 1127 4207 ix
1145 4165 1280 4213 marcas

349 4416 457 4482 [Adam
467 4415 501 4466 de
512 4414 694 4481 Keddington
705 4415 731 4466 is
745 4414 882 4468 admitted
886 4416 968 4467 vicar
975 4416 1011 4481 of
1017 4415 1062 4468 tlte
1074 4415 1203 4469 charchas
1214 4416 1250 4482 os
1255 4415 1435 4482 Alvr'nglram
1447 4416 1602 4470 ana'th

416 4496 623 4563 Cockerington.
660 4494 686 4545 T
682 4496 716 4547 he
727 4496 857 4564 mearage
868 4498 893 4548 is
903 4497 1060 4565 described]

437 4617 699 4679 Acvmosmnu
732 4616 771 4698 (x
802 4618 1003 4700 marcarum)
1034 4632 1080 4680 ET
1112 4617 1335 4681 Cocmurou
1368 4617 1442 4681 Sca
1475 4618 1606 4681 Manu:

350 4723 411 4804 (xv
441 4720 875 4802 marcarum).-Sciendum
900 4730 951 4783 est
981 4720 1070 4802 quod
1102 4721 1163 4783 iste
1190 4720 1255 4783 due
1286 4721 1439 4784 matrices
1467 4722 1604 4785 ecclesie

350 4826 412 4889 site
428 4833 504 4886 sunt
521 4824 554 4885 in
571 4844 638 4885 uno
653 4833 686 4885 et
698 4824 816 4886 eodem
827 4825 988 4887 cimiterio
1005 4824 1089 4886 insra
1101 4833 1196 4906 septa
1212 4824 1374 4905 prioratus
1390 4822 1432 4885 de
1443 4824 1603 4907 Alvinge-

350 4929 437 5004 ham,
452 4937 486 4990 et
502 4947 632 5008 semper
646 4938 887 4991 consueverunt
903 4928 1058 4990 deserviri
1076 4949 1133 5010 per
1149 4948 1251 4990 unum
1268 4926 1486 5008 capellanum,
1496 4939 1530 4990 et
1547 4950 1604 5011 per

351 5051 453 5094 unum
473 5030 669 5093 canonicum
691 5031 861 5112 prioratus.
910 5032 1080 5096 Provisum
1100 5040 1151 5095 est
1167 5031 1277 5107 etiam,
1292 5052 1336 5092 ex
1353 5032 1459 5115 gratia
1475 5029 1602 5097 domini
