3550 5692
609 564 789 675 Epzseopz'
810 559 1092 652 [zncolnz‘emis.
1457 581 1477 672 7

224 819 315 900 quod
349 818 531 882 Ricardum
563 818 606 881 de
645 818 786 901 Cernay,
816 819 982 895 clericum,
1013 820 1046 882 in
1085 817 1291 901 corporalem
1329 817 1481 899 ejusdem
1551 807 1558 816 ⁸

222 922 362 986 ecclesie
378 923 623 1004 possessionem
641 921 716 984 loco
731 921 812 985 dicti
829 923 990 985 Willelmi
1006 923 1152 986 inducat.

311 1145 379 1229 [On
395 1146 447 1210 tte
461 1147 554 1210 dorse
565 1147 635 1230 .·-]

581 1276 721 1340 Annus
744 1276 913 1340 Telemus
939 1277 1121 1340 Dicemus,

223 1400 360 1467 [Riclzerd
368 1399 506 1452 Burnard
514 1405 539 1452 ts
547 1401 636 1468 given
648 1400 759 1468 crestedy
770 1402 805 1468 of
811 1401 856 1453 the
867 1400 967 1453 churclr
980 1401 1015 1468 of
1024 1380 1208 1467 Tempssord]

310 1501 802 1566 TAMISEFORDE.-Ricardus
828 1502 1007 1579 Burnarde,
1023 1501 1169 1578 clericus,
1189 1512 1397 1584 presentatus
1421 1524 1479 1585 per

226 1606 370 1668 Priorem
388 1615 422 1668 et
438 1614 639 1668 conventum
663 1605 706 1668 de
729 1606 855 1670 Sancto
872 1605 904 1667 N
907 1616 984 1669 eoto
999 1605 1041 1668 ad
1065 1605 1239 1668 ecclesiam
1255 1605 1298 1669 de
1321 1606 1478 1669 Tamese-

224 1708 325 1785 sorde,
355 1708 542 1771 custodiam
574 1709 660 1772 illius
690 1709 828 1772 ecclesie
851 1718 903 1772 est
933 1709 1081 1791 adeptus,
1129 1709 1174 1772 Et
1205 1709 1401 1772 mandatum
1428 1718 1479 1772 est

224 1811 472 1875 Archidiacono
489 1812 695 1875 Bedefordie.

224 2032 345 2100 [Walter
353 2032 386 2085 de
398 2032 477 2085 Hosa
489 2033 513 2084 is
522 2034 613 2099 given
624 2032 735 2100 erestody
746 2034 782 2100 ef
787 2033 833 2086 the
843 2033 945 2086 etrurclr
956 2034 992 2100 of
998 2033 1140 2085 Famdish
1146 2034 1202 2100 sor
1209 2033 1322 2101 cryeon]

312 2135 743 2199 FERNEDICH.—Waltero
753 2136 795 2198 de
814 2136 918 2212 Hosa,
928 2136 1056 2212 clerico,
1068 2136 1246 2199 commissa
1261 2146 1312 2200 est
1327 2136 1481 2200 custodia

224 2238 360 2301 ecclesie
376 2238 418 2301 de
435 2238 619 2302 Fernedich
637 2260 741 2320 usque
758 2240 790 2301 in
808 2260 932 2301 annum
950 2249 1026 2321 post
1049 2239 1170 2302 festum
1187 2239 1302 2304 Sancti
1317 2238 1482 2320 Johannis

226 2343 377 2425 Baptiste
397 2363 485 2405 anno
506 2342 719 2424 pontificatus
739 2341 866 2405 domini
889 2343 1048 2425 Episcopi
1065 2343 1136 2424 xiij,
1151 2353 1184 2406 et
1208 2342 1404 2422 mandatum
1428 2351 1479 2406 est

225 2446 473 2510 Archidiacono
489 2446 686 2510 Bedeiordie
703 2447 792 2528 quod
809 2447 942 2509 interim
959 2445 1132 2528 provideat
1149 2455 1188 2509 ut
1208 2445 1318 2510 eidem
1341 2445 1479 2511 ecclesie

225 2570 282 2631 per
297 2550 507 2632 capellanum
524 2551 681 2614 idoneum
699 2551 913 2627 deserviatur,
928 2560 989 2613 etc.

284 2769 385 2836 [uem.
403 2774 438 2834 Ζ]
573 2839 714 2904 Aurius
738 2839 923 2922 QUARTUS
949 2841 1132 2904 Dectuus.

225 2963 331 3032 [Roger
338 2962 373 3015 de
389 2962 539 3022 Weseham,
548 2965 694 3031 presented
703 2965 735 3033 by
746 2965 792 3017 the
802 2965 905 3018 Abbess
915 2965 977 3017 and
985 2965 1069 3016 Num
1079 2965 1115 3032 os
1126 2965 1242 3028 Etrtow,
1254 2966 1279 3016 is
1294 2964 1439 3018 instituted
1454 2971 1481 3018 to

288 3045 333 3098 the
339 3045 465 3112 pretend
474 3047 510 3112 of
515 3046 544 3097 E
546 3045 631 3108 lstew,
645 3046 712 3101 halet
720 3047 753 3114 by
764 3047 869 3114 Hem,
882 3047 1034 3114 chaplain]

313 3157 768 3240 ELNESTOWE.-Magister
784 3149 945 3242 ¹Rogerus
977 3158 1019 3221 de
1050 3157 1240 3234 Weseham,
1270 3167 1481 3239 presentatus

225 3282 284 3343 per
301 3261 519 3324 Abbatissam
536 3272 569 3325 et
586 3262 746 3325 moniales
762 3262 805 3326 de
825 3263 996 3326 Elnestow
1019 3261 1061 3324 ad
1087 3261 1290 3343 prebendam
1314 3261 1357 3324 de
1381 3261 1481 3324 Elne-

224 3375 307 3442 stow
330 3386 430 3446 quam
462 3366 635 3442 HenricuS,
666 3366 867 3448 capellanus,
896 3367 1052 3449 proximo
1082 3365 1241 3448 possedit,
1267 3365 1309 3428 ad
1340 3366 1481 3429 eandem

225 3469 390 3532 admissus
406 3480 466 3546 est,
481 3479 515 3533 et
530 3471 690 3534 canonice
706 3491 848 3552 persona
865 3471 898 3533 in
915 3491 955 3533 ea
971 3471 1152 3546 institutus,
1164 3469 1256 3532 salva
1270 3468 1481 3533 ordinatione

224 3571 352 3636 domini
369 3573 537 3656 Episcopi.
585 3574 630 3636 Et
646 3573 832 3654 injunctum
849 3585 901 3638 est
918 3574 1166 3637 Archidiacono
1187 3572 1392 3650 Bedefordie,
1409 3595 1482 3656 pre-

224 3676 319 3752 senti,
342 3685 402 3739 etc.
463 3676 556 3739 Idem
581 3687 693 3740 autem
719 3677 1095 3741 Archidiaconuscavit
1119 3676 1292 3759 predicto
1317 3676 1481 3758 Magistro

225 3780 360 3862 Rogero
382 3779 472 3860 quod
496 3780 607 3842 veniet
631 3781 777 3843 facturus
807 3780 1044 3857 obedientiam,
1066 3790 1102 3842 ut
1129 3781 1230 3842 moris
1255 3788 1315 3856 est,
1338 3780 1479 3842 domino

227 3883 398 3965 Episcopo
435 3893 470 3946 et
507 3883 669 3947 deserviet
707 3884 925 3966 personaliter
962 3885 1016 3974 in,
1033 3883 1143 3946 officio
1191 3881 1386 3947 sacerdotali
1434 3883 1480 3946 illi

225 3986 400 4068 prebende.

225 4222 363 4288 [Richerd
371 4223 404 4276 de
418 4223 533 4286 Oxonia,
546 4224 627 4284 clerte,
633 4223 782 4294 presented
790 4224 823 4291 by
834 4224 879 4276 tlte
889 4224 977 4276 Prior
984 4223 1046 4275 and
1057 4223 1183 4275 convent
1192 4223 1228 4289 of
1234 4222 1395 4287 Dumtable,
1407 4226 1482 4290 after
1551 4238 1555 4244 ·

289 4322 307 4358 a
319 4305 428 4372 dispute
439 4306 522 4359 about
531 4307 577 4359 tlte
582 4310 747 4374 patronage,
760 4307 785 4358 is
796 4305 944 4358 instituted
952 4311 979 4357 to
989 4306 1035 4358 tlte
1045 4305 1146 4358 churclr
1157 4306 1193 4372 ef
1198 4304 1393 4373 Harlingten.]

314 4407 820 4471 HERLINGDONE.—Ricardus
850 4408 893 4471 de
925 4407 1071 4483 Oxonia,
1101 4406 1247 4484 clericuS,
1270 4418 1479 4489 presentatus

225 4530 284 4591 per
298 4510 444 4573 Priorem
461 4521 494 4574 et
510 4521 711 4575 conventum
728 4513 771 4576 de
785 4511 1007 4593 Dunestaplia
1019 4510 1061 4573 ad
1077 4511 1251 4573 ecclesiam
1267 4512 1310 4575 de
1324 4511 1478 4594 Herling-

212 4613 322 4696 dune,
338 4615 426 4678 sacta
449 4616 540 4697 prius
564 4617 777 4698 inquisitione
801 4637 859 4698 per
883 4615 1166 4678 Archidiaconum
1192 4614 1397 4692 Bedesordie,
1421 4638 1479 4699 per

224 4737 334 4798 quam,
349 4728 420 4796 etc,
434 4721 597 4802 susceptis
614 4719 730 4782 litteris
746 4719 874 4782 domini
900 4720 1002 4800 Regis
1022 4719 1111 4800 quod
1136 4740 1211 4781 cum
1235 4720 1339 4782 assisa
1361 4719 1478 4785 ultime

225 4821 479 4901 presentationis
496 4823 699 4885 summonita
714 4833 802 4886 esset
818 4824 903 4886 inter
927 4822 1108 4885 Ricardum
1134 4822 1232 4899 Pirot,
1248 4831 1427 4904 petentem,
1443 4835 1478 4888 et

162 4947 166 4953 ’
225 4923 370 4987 Priorem
395 4924 437 4987 de
469 4926 699 5008 Dunestaplia,
726 4926 975 5002 deforciantem,
1004 4925 1047 4988 de
1078 4925 1306 4989 advocatione.
1325 4926 1480 5007 ejusdem

224 5026 361 5090 ecclesie
377 5028 465 5090 idem
485 5028 647 5104 Ricardus
667 5034 859 5112 recognovit
882 5032 915 5094 in
939 5031 1029 5093 curia
1051 5030 1305 5094 advocationem
1329 5031 1477 5112 predicte
