3550 5692
337 596 384 668 74
679 572 816 648 Rutuli
838 570 1014 670 Hugom's
1039 575 1082 647 de
1118 568 1250 647 Welles

334 816 420 898 agi0‚
449 824 484 878 et
514 816 547 876 in
578 813 724 895 quodam
755 813 841 876 tosto
871 813 915 875 ad
946 812 1087 877 eandem
1118 812 1292 875 ecclesiam
1324 812 1530 893 pertinente;
1559 822 1593 875 et

335 919 516 1001 Templarii
533 917 757 1000 procurabunt
775 918 957 998 hospitium
974 915 1218 991 Archidiaconl‚
1233 924 1267 979 et
1283 916 1397 977 omnia
1412 915 1477 977 alia
1492 936 1593 979 onera

333 1022 544 1085 sustinebunt
582 1032 692 1103 preter
727 1019 899 1096 sinodalia,
930 1040 994 1101 que
1032 1020 1171 1083 vicarius
1209 1017 1444 1083 tantummodo
1485 1019 1594 1082 solvet

334 1127 515 1190 annuatim.
563 1126 608 1188 Et
624 1135 674 1189 est
690 1125 811 1187 vicaria
826 1145 848 1186 v
864 1143 1059 1186 marcarum.

333 1330 473 1395 [William
483 1329 518 1382 ete
531 1329 656 1396 Oeoteep,
669 1329 805 1396 chaplain,
821 1327 972 1395 presented
985 1326 1018 1395 ty
1033 1326 1079 1379 tlte
1100 1324 1250 1393 Templars.
1267 1326 1292 1377 is
1308 1324 1455 1379 r'eotituted
1468 1304 1597 1393 ve’car'of

398 1411 494 1479 Ashby
504 1411 537 1464 de
549 1411 577 1463 te
588 1410 712 1463 Launde.
750 1410 777 1461 Τ
773 1410 808 1462 tre
818 1410 950 1477 ve'carage
961 1410 986 1461 tr
997 1408 1153 1471 described]

422 1538 564 1603 ESSEBY
584 1535 1050 1602 EORUNDEM.—Willelmus
1066 1535 1109 1599 de
1129 1534 1286 1617 Oustorp,
1302 1533 1504 1617 capellanus,
1520 1555 1590 1616 pre-

335 1651 485 1705 sentatus
510 1663 568 1723 per
585 1641 693 1706 dictos
720 1642 920 1723 Magistrum
945 1650 980 1703 et
1004 1639 1120 1703 fratres
1146 1638 1188 1702 ad
1214 1649 1410 1721 perpetuam
1435 1638 1591 1701 vicariam

334 1746 471 1810 ecclesie
487 1747 529 1809 de
543 1746 683 1828 Esseby,
694 1755 745 1809 est
761 1744 935 1821 admissuS,
945 1754 979 1807 et
995 1745 1027 1807 in
1044 1765 1085 1807 ea
1097 1744 1255 1807 canonice
1265 1743 1404 1805 vicarius
1415 1753 1593 1824 perpetuus

334 1850 524 1926 institutus;
547 1869 611 1930 que
634 1850 681 1911 sic
704 1848 858 1911 ordinata
880 1859 950 1912 est:
974 1848 1107 1923 scilicet,
1131 1846 1219 1911 idem
1244 1846 1432 1909 Willelmus
1456 1846 1592 1909 habebit

334 1964 368 2016 et
383 1953 510 2016 tenebit
526 1964 635 2016 totum
654 1952 852 2034 altaragium
871 1962 944 2015 tota
959 1952 1028 2015 vita
1044 1972 1104 2014 sua
1122 1971 1197 2013 cum
1214 1949 1309 2027 tosto,
1326 1948 1498 2013 reddendo
1517 1948 1595 2010 inde

334 2058 507 2119 annuatim
524 2055 680 2138 predictis
698 2057 861 2137 Magistro
876 2065 910 2119 et
927 2055 1081 2119 fratribus
1096 2053 1180 2117 duas
1200 2075 1327 2117 marcas
1346 2053 1495 2135 argenti;
1519 2062 1595 2134 post

335 2160 473 2236 obitum,
497 2181 584 2236 vero,
608 2160 688 2223 dicti
713 2159 881 2236 Willelmi,
905 2179 1110 2222 successores
1140 2158 1243 2240 ipsius
1273 2156 1435 2221 tenebunt
1458 2155 1595 2217 n'omine

335 2253 455 2327 vicarie
478 2273 586 2326 totum
610 2263 818 2345 altaragium,
833 2282 909 2325 cum
934 2262 1083 2344 predicto
1107 2260 1201 2337 tofto,
1217 2262 1264 2323 ita
1286 2259 1376 2341 quod
1397 2258 1496 2322 nichil
1517 2257 1595 2321 Inde

336 2367 496 2445 reddent;
520 2379 554 2430 et
584 2367 766 2449 Templarii
804 2366 1029 2448 procurabunt
1067 2366 1248 2447 hospitium
1289 2363 1535 2437 Archidiaconi,
1561 2372 1595 2425 et

335 2471 547 2535 sustinebunt
571 2481 681 2533 cetera
696 2491 798 2533 onera
822 2481 892 2533 tam
918 2469 1085 2532 ordinaria
1109 2489 1209 2550 quam
1235 2466 1508 2542 extraordinaria,
1524 2475 1594 2528 tam

336 2586 487 2657 tempore
510 2574 589 2636 dicti
609 2574 768 2637 Willelmi
793 2594 893 2654 quam
918 2593 1144 2636 successorum
1170 2573 1280 2653 ipsiuS,
1302 2581 1411 2653 preter
1433 2568 1598 2633 sinodalia

336 2697 401 2759 que
420 2678 491 2759 ipse
511 2677 562 2739 W.
579 2687 613 2740 et
632 2698 837 2740 successores
857 2678 906 2738 sui
927 2676 1057 2740 solvent
1077 2675 1314 2740 tantummodo
1334 2676 1367 2737 in
1388 2683 1595 2756 perpetuum.

339 2782 384 2845 Et
400 2782 461 2845 erit
477 2782 599 2844 vicaria
615 2804 636 2843 v
652 2801 845 2844 marcarum.
1634 2771 1635 2776 ’

336 2984 476 3048 [Richard
500 2984 638 3051 chaplain,
655 2983 805 3049 presented
823 2984 857 3051 by
878 2984 924 3036 tlte
945 2984 1095 3049 Templars.
1113 2984 1138 3035 is
1154 2981 1298 3035 instituted
1313 2982 1393 3033 vicar
1407 2981 1442 3048 os
1454 2980 1596 3033 Rowston.
1623 3006 1626 3012 λ

406 3066 491 3119 Three
501 3070 584 3133 parts
595 3066 631 3133 of
642 3066 688 3118 tlte
698 3066 799 3118 clturctr
810 3065 909 3133 belong
920 3071 947 3118 to
958 3066 1003 3119 uu
1017 3066 1128 3132 Temple
1134 3082 1148 3126 ,·
1163 3064 1199 3132 os
1210 3063 1255 3117 tlte
1258 3063 1363 3131 fourth
1380 3063 1420 3114 W.
1432 3063 1466 3115 ete
1477 3062 1597 3115 Brance-

402 3149 617 3217 welletrector]

426 3266 797 3331 ROUESTONE.-Tres
813 3277 924 3348 partes
936 3266 1021 3328 illius
1031 3266 1168 3329 ecclesie
1178 3276 1255 3328 sunt
1266 3266 1430 3327 dictorum
1444 3264 1596 3345 Magistri

337 3383 371 3435 et
387 3371 523 3434 fratrum
544 3371 663 3433 Militie
679 3370 821 3451 Templi,
837 3380 871 3433 et
889 3371 1050 3451 Magister
1067 3369 1254 3432 Willelmus
1270 3369 1312 3432 de
1330 3367 1529 3430 Brancewell
1546 3376 1598 3429 est

339 3485 445 3537 rector
474 3484 591 3555 quarte
618 3475 728 3555 partis
774 3474 944 3550 Consistit,
969 3474 1076 3555 igitur,
1101 3474 1222 3535 vicaria
1249 3474 1282 3535 in
1307 3472 1468 3552 altaragio
1493 3471 1596 3533 totius

338 3578 483 3654 ecclesie,
499 3588 532 3640 et
551 3579 584 3639 in
600 3577 731 3640 decima
745 3576 922 3658 garbarum
940 3576 983 3639 de
1006 3577 1110 3639 tribus
1134 3577 1263 3639 bovatis
1287 3586 1372 3638 terre
1388 3575 1429 3638 de
1446 3575 1596 3637 dominio

339 3680 479 3745 Gallridi
496 3680 552 3742 filii
571 3681 692 3743 Emme
711 3681 743 3742 in
760 3680 878 3743 eadem
896 3679 982 3756 villa,
997 3701 1041 3743 ex
1061 3691 1155 3761 parte
1174 3680 1297 3743 scilicet
1312 3678 1477 3742 dictorum
1496 3676 1596 3740 Tem-

340 3786 528 3867 plariorum,
552 3794 586 3847 et
617 3786 649 3846 in
680 3783 811 3847 decima
840 3784 1017 3865 garbarum
1050 3785 1146 3845 unius
1178 3784 1298 3845 bovate
1323 3793 1408 3846 terre
1433 3804 1477 3845 ex
1503 3791 1597 3863 parte

341 3888 495 3969 Magistri
526 3887 577 3949 W.
608 3887 651 3950 de
682 3886 892 3949 Brancewell.
951 3886 1121 3963 RicarduS,
1152 3886 1351 3968 capellanus,
1390 3886 1432 3949 ad
1471 3885 1595 3947 dictam

339 3992 504 4068 vicariam,
535 3991 577 4052 ad
609 3991 888 4071 presentationem
921 3990 1085 4053 dictorum
1119 3990 1271 4072 Magistri
1302 4000 1335 4053 et
1369 3989 1516 4065 fratrum,
1546 3998 1597 4067 est

229 4180 234 4187 Ι
340 4095 513 4171 admissus
532 4104 566 4156 et
586 4095 619 4155 in
640 4094 757 4156 eadem
774 4094 914 4156 vicarius
931 4102 1109 4174 perpetuus
1134 4094 1313 4168 institutus
1329 4092 1500 4156 reddendo
1520 4091 1597 4154 inde

340 4199 512 4262 annuatim
538 4197 774 4260 tantummodo
798 4196 992 4278 synodalia;
1015 4206 1049 4259 et
1072 4195 1210 4277 predicti
1235 4195 1351 4258 fratres
1376 4205 1410 4259 et
1436 4195 1596 4277 Magister

340 4303 392 4365 W.
412 4300 454 4364 de
480 4300 680 4363 Brancewell
706 4299 996 4382 proportionaliter
1022 4300 1246 4380 procurabunt
1270 4299 1452 4380 hospitium
1479 4298 1594 4361 Archi-

340 4405 480 4480 diaconi,
496 4414 529 4467 et
549 4414 659 4467 cetera
678 4423 779 4465 onera
798 4413 867 4465 tam
889 4401 1055 4464 ordinaria
1070 4423 1171 4483 quam
1187 4401 1451 4465 extraordinaria
1471 4403 1503 4464 in
1525 4422 1594 4483 per-

341 4518 479 4591 petuum
495 4507 714 4570 sustinebunt.
761 4506 807 4568 Et
821 4516 872 4569 est
887 4506 1009 4568 vicaria
1025 4506 1061 4568 lx
1077 4507 1267 4570 solidorum.

340 4720 447 4787 [Roger
455 4718 489 4770 de
502 4717 639 4784 Gotkesby,
652 4717 788 4783 chaplatn,
794 4716 943 4783 presented
952 4716 985 4783 by
996 4716 1041 4769 the
1051 4732 1134 4776 same,
1142 4718 1167 4769 is
1178 4717 1324 4769 instituted
1328 4717 1450 4784 υἱωνῷ
1459 4714 1594 4782 Goulceby·

409 4802 435 4852 Τ
432 4800 466 4853 tre
477 4800 607 4866 vicarage
618 4800 643 4851 is
653 4798 808 4866 described]

429 4919 630 5014 Gouvasav
661 4918 1083 4998 nonuuonn.-Rogerus
1113 4918 1155 4981 de
1186 4918 1367 4999 Golkesby‚
1397 4916 1594 4998 capellanus,

342 5031 551 5107 presentatus
567 5042 625 5104 per
640 5022 747 5086 dictos
765 5022 964 5103 Magistrum
980 5031 1014 5085 et
1032 5021 1148 5085 fratres
1167 5022 1209 5085 ad
1229 5032 1423 5104 perpetuam
1441 5020 1592 5083 vicariam
