3550 5692
317 600 384 649 102
652 572 787 648 Rotnle'
810 572 987 671 Hugone's
1012 574 1055 649 de
1091 572 1223 649 Wellcs

308 813 462 897 junctum
485 822 536 877 est
558 811 659 877 etiam
683 812 746 895 ipsi
766 811 896 890 vicari0‚
919 822 955 875 ut
972 834 1030 895 per
1050 812 1220 876 biennium
1245 811 1334 893 apud
1356 810 1565 874 Lincolniam

311 916 418 981 scolas
439 916 626 999 frequentet
644 926 678 980 et
702 916 906 998 theologiam
926 916 1087 991 addiscat,
1102 925 1137 979 et
1157 915 1289 979 interim
1310 915 1468 978 idoneum
1489 935 1566 996 cap-

312 1020 482 1103 pellanum
509 1021 543 1084 in
572 1020 663 1083 dicta
692 1020 831 1084 ecclesia
860 1020 904 1083 de
929 1019 1063 1084 Barton’
1095 1020 1282 1083 innominet
1306 1039 1365 1101 per
1391 1017 1565 1081 consilium

313 1124 549 1187 Archidiaconi
563 1123 743 1188 Lincolnie.
790 1123 834 1187 Et
847 1124 1045 1190 mandatum
1058 1135 1109 1187 est
1122 1122 1371 1187 Archidiacono
1385 1121 1567 1197 Lincolnie,

312 1236 374 1292 etc.

311 1398 435 1462 [Walter
448 1397 584 1465 chaplain,
592 1396 741 1463 presented
748 1397 782 1465 by
792 1397 837 1450 the
847 1398 936 1451 Prior
943 1398 1005 1450 and
1016 1398 1142 1451 Convent
1150 1398 1186 1465 os
1192 1398 1287 1466 Kyme,
1301 1398 1326 1450 is
1336 1396 1481 1449 instituted
1490 1396 1570 1448 vicar

376 1480 412 1547 os
421 1478 514 1547 Thorp
525 1480 564 1533 St.
576 1478 664 1533 Peter.
702 1480 730 1531 Τ
725 1479 760 1531 de
770 1480 902 1548 vicarage
912 1480 938 1533 is
952 1479 1110 1546 described]

401 1588 597 1655 LINCOLN’:
621 1589 754 1652 THORP
778 1590 1173 1667 VICARIA.-Walterus
1192 1588 1417 1672 cappellanus
1433 1606 1566 1669 presen-

312 1701 401 1757 tatus
418 1714 476 1775 pcr
492 1693 639 1755 Priorem
660 1702 695 1756 et
711 1703 913 1756 conventum
934 1694 977 1758 de
995 1693 1110 1776 Kyma
1129 1694 1171 1757 ad
1193 1693 1349 1757 vicariam
1368 1691 1508 1755 ecclesie
1524 1689 1566 1753 de

311 1796 444 1880 Thorp’,
466 1796 654 1860 ordinatam
678 1797 876 1861 auctoritate
901 1797 1050 1876 Concilii,
1074 1797 1162 1862 sacta
1185 1796 1399 1879 inquisitione
1423 1816 1481 1878 per
1499 1794 1567 1871 ·W.,

311 1899 595 1963 Archidiaconum
622 1899 803 1977 Lincolnie,
828 1922 1012 1983 perquam
1039 1902 1210 1984 negotium
1243 1900 1304 1963 luit
1333 1900 1367 1963 in
1395 1898 1571 1981 expedito,

311 2004 476 2067 admissus
492 2014 552 2080 est,
567 2012 601 2066 et
617 2004 650 2065 in
667 2024 707 2065 ea
722 2004 882 2067 canonice
898 2006 1040 2069 vicarius
1056 2014 1237 2088 perpetuus
1252 2005 1432 2073 institutus
1479 2002 1566 2067 Con-

310 2108 398 2171 sistit
428 2116 540 2171 autem
570 2106 661 2170 dicta
683 2108 805 2170 vicaria
837 2108 869 2171 in
901 2118 974 2171 toto
1005 2109 1167 2192 alteragio
1191 2110 1293 2191 ipsius
1320 2107 1460 2171 ecclesie
1489 2126 1564 2169 cum

310 2211 457 2294 quodam
478 2211 586 2289 tost03
609 2210 701 2273 salva
720 2220 833 2275 tamen
855 2211 983 2275 eisdem
1004 2214 1108 2275 Priori
1128 2222 1163 2276 et
1185 2212 1364 2276 conventui
1386 2210 1565 2274 medietate

309 2315 439 2380 decime
453 2316 556 2378 totius
572 2314 671 2377 butiri
687 2324 721 2378 et
737 2315 832 2377 casei.
880 2316 971 2378 Dicti
988 2326 1100 2381 autem
1117 2316 1267 2379 canonici
1284 2315 1327 2379 de
1338 2314 1441 2378 Kima
1453 2314 1565 2376 omnia

310 2440 412 2484 onera
442 2419 608 2482 ordinaria
636 2418 724 2480 illius
753 2418 892 2482 ecclesie
922 2420 1135 2484 sustinebunt
1163 2431 1274 2503 preter
1300 2418 1473 2495 sinodalia,
1500 2438 1564 2500 que

309 2524 450 2588 vicarius
466 2522 639 2605 persolvet.
687 2522 733 2585 Et
749 2521 946 2586 mandatum
963 2534 1014 2587 est
1029 2525 1120 2588 dicto
1131 2524 1381 2588 Archidiacono
1393 2521 1565 2586 Lincolnie

308 2626 408 2709 quod,
427 2636 498 2703 etc,
518 2636 552 2689 et
571 2626 661 2708 quod
681 2625 803 2689 habeat
824 2626 951 2691 litteras
973 2628 1230 2710 presentationis
1251 2626 1362 2689 vicarii
1383 2635 1563 2707 antequam

309 2731 402 2794 illum
419 2730 453 2793 in
468 2730 674 2813 corporalem
691 2730 937 2813 possessionem
954 2752 1013 2795 sue
1025 2730 1147 2795 vicarie
1164 2731 1309 2795 inducat.

308 2901 434 2971 [Walter,
446 2900 583 2967 chaplain,
591 2899 741 2967 presented
748 2900 782 2967 by
792 2900 837 2954 tlte
848 2901 935 2954 Prior
943 2902 1005 2954 and
1015 2902 1140 2955 Conveni
1150 2905 1181 2969 ot
1191 2902 1286 2969 Kyme,
1300 2902 1325 2954 is
1335 2898 1480 2953 instituted
1488 2900 1568 2951 vicar

373 2983 502 3051 osCrost.
540 2982 597 3035 Tne
607 2982 942 3051 vn'carageesdescribed]

398 3093 600 3157 LINCOLN':
625 3093 751 3157 CROFT
775 3093 1169 3171 VICARIA.—-Walterus,
1189 3094 1413 3177 cappellanus
1433 3112 1565 3175 presen-

310 3206 401 3260 tatus
417 3217 476 3279 per
492 3197 639 3260 Priorem
658 3207 693 3261 et
712 3207 916 3261 conventum
936 3197 979 3263 de
996 3199 1112 3281 Kyma
1130 3199 1172 3263 ad
1194 3200 1351 3262 vicariam
1371 3197 1509 3262 ecclesie
1523 3195 1566 3259 de

311 3300 414 3377 Croft,
438 3300 627 3364 ordinatam
652 3301 850 3365 auctoritate
875 3301 1025 3379 Concilii,
1052 3302 1140 3367 sacta
1171 3302 1385 3384 inquisitione
1415 3321 1474 3383 per
1504 3300 1566 3375 W,

311 3403 595 3467 Archidiaconum
625 3404 807 3482 Lincolnie,
831 3426 890 3487 per
913 3426 1024 3487 quam,
1048 3416 1119 3481 etc,
1142 3406 1307 3469 admissus
1330 3414 1389 3481 est,
1412 3414 1446 3468 et
1470 3404 1503 3467 in
1526 3424 1566 3466 ea

310 3508 469 3571 canonice
484 3508 624 3571 vicarius
641 3518 820 3591 perpetuus
837 3510 1016 3573 institutus.
1063 3511 1109 3575 Et
1124 3509 1275 3574 consistit
1289 3508 1380 3571 dicta
1397 3507 1518 3571 vicaria
1533 3506 1565 3568 in

310 3620 382 3675 toto
412 3611 573 3693 alteragio
602 3632 679 3674 curn
714 3611 861 3694 quodam
892 3612 978 3677 tofto
1013 3634 1126 3677 versus
1160 3612 1401 3677 occidentalem
1437 3617 1564 3694 partem

294 3714 467 3794 .ecclesie;
489 3715 589 3779 salvis
608 3724 721 3779 tamen
737 3716 835 3780 dictis
854 3717 1022 3781 canonicis
1041 3717 1152 3781 butiro
1172 3728 1206 3782 et
1225 3738 1329 3782 caseo
1377 3715 1468 3779 Dicti
1488 3735 1565 3777 vero

310 3818 460 3881 canonici
488 3818 601 3881 omnia
624 3840 725 3882 onera
752 3819 920 3883 ordinaria
946 3820 1032 3884 illius
1060 3822 1197 3885 ecclesie
1225 3818 1435 3883 sustinebunt
1458 3826 1567 3901 preter

309 3921 481 3998 sinodalia,
497 3943 562 4003 que
581 3922 720 3985 vicarius
742 3923 915 4004 persolvet.
963 3925 1008 3988 Et
1031 3925 1228 3989 mandatum
1247 3934 1298 3988 est
1319 3922 1565 3987 Archidiacono

311 4025 484 4088 Lincolnie
507 4025 607 4107 quod,
630 4036 700 4103 etc,
722 4035 756 4089 et
779 4026 870 4108 quod
895 4027 1021 4091 litteras
1044 4028 1300 4111 presentationis
1327 4027 1430 4109 ipsius
1455 4026 1565 4090 vicarii

309 4126 432 4191 habeat
455 4137 635 4210 antequam
659 4128 768 4211 ipsum
794 4129 826 4192 in
846 4131 1052 4213 corporalem
1072 4131 1161 4195 dicte
1179 4132 1299 4196 vicarie
1322 4130 1564 4214 possessionem

311 4231 455 4294 inducat.

309 4400 464 4469 [Davzdde
480 4401 580 4454 Sancto
590 4401 715 4469 Botnlso‚
726 4403 864 4470 chaplain,
871 4404 1021 4473 presented
1029 4406 1063 4473 by
1073 4405 1118 4459 tire
1130 4406 1216 4459 Prior
1223 4405 1285 4459 and
1295 4404 1421 4458 Conveni
1428 4404 1464 4471 os
1470 4403 1564 4471 Kyme,

373 4485 399 4537 is
409 4483 554 4536 instituted
561 4484 641 4536 vicar
649 4484 685 4551 of
693 4485 859 4553 Osboumby.
897 4487 954 4539 Tire
965 4488 1095 4556 vt'carage
1106 4488 1131 4540 is
1141 4488 1296 4553 described]

397 4595 626 4659 OSBERNEBY
642 4595 973 4661 VICARIA.-David
989 4598 1031 4662 de
1048 4599 1173 4664 Sancto
1187 4598 1330 4675 Botullo,
1341 4596 1565 4680 cappellanus,

310 4704 518 4782 presentatus
548 4718 607 4779 per
638 4698 786 4763 Priorem
816 4710 852 4763 et
880 4712 1082 4765 conventum
1113 4702 1155 4765 de
1187 4702 1302 4785 Kyma
1332 4701 1375 4764 ad
1409 4700 1564 4764 vicariam

308 4803 445 4867 ecclesie
467 4801 510 4864 de
526 4800 734 4885 Osberneby,
754 4803 943 4868 ordinatam
967 4806 1165 4869 auctoritate
1189 4805 1338 4882 Concilii,
1362 4804 1451 4867 sacta
1474 4804 1563 4886 prius

309 4906 522 4989 inquisitione
545 4926 603 4987 per
622 4905 684 4982 W,
705 4906 989 4971 Archidiaconum
1011 4910 1192 4986 Lincolnie,
1211 4930 1269 4991 per
1287 4930 1397 4992 quam,
1416 4917 1488 4985 etc,
1508 4907 1564 4971 ad-

307 5012 430 5073 missus
452 5018 512 5086 est,
533 5019 568 5071 et
598 5010 631 5071 in
654 5030 695 5072 ea
721 5012 880 5076 canonice
903 5014 1044 5077 vicarius
1074 5023 1253 5097 perpetuus
1284 5014 1463 5077 institutus
1521 5012 1565 5075 Et
