3550 5692
587 546 768 644 epacopr
798 504 1085 619 treverense.
1394 568 1463 639 159
1566 490 1570 497 ¹

214 779 488 849 [emmae
506 780 814 849 chemenaten
832 756 1464 848 amungvamtttecomzaauewtu

274 863 393 915 another
400 862 517 929 mediety
525 863 828 932 oftlresameckurch]

296 981 779 1065 [marlemont-Vacante
808 981 989 1045 medietate
1021 979 1161 1043 ecclesie
1189 978 1233 1042 de
1266 978 1462 1041 Branceton’

211 1106 310 1167 quam
328 1085 369 1150 A.
385 1085 472 1148 filius
488 1084 667 1167 Reginaldi
682 1086 802 1150 ultimo
821 1086 940 1161 tenuit,
956 1084 1043 1147 lacta
1062 1084 1152 1165 prius
1173 1082 1386 1163 inquisitione
1404 1101 1463 1163 per

214 1189 261 1265 R,
281 1189 564 1252 Archidiaconum
590 1188 773 1265 Lincolnie‚
794 1189 907 1251 Priore
927 1197 961 1251 et
986 1196 1152 1250 conventu
1171 1186 1216 1249 de
1235 1184 1464 1267 Thorgerton’,

212 1293 311 1355 totius
347 1293 485 1355 ecclesie
522 1293 682 1375 patronis,
711 1292 1005 1367 consentientibus
1037 1311 1096 1373 per
1132 1310 1206 1372 que,
1236 1300 1307 1367 etc,
1343 1288 1462 1353 eadem

212 1396 371 1459 medietas
401 1396 572 1459 medietati
598 1416 699 1477 quam
732 1396 895 1477 Magister
925 1396 1027 1477 Hugo
1053 1393 1097 1457 de
1123 1394 1243 1457 Mares’
1267 1403 1360 1457 tenet
1386 1414 1462 1456 auc-

211 1500 343 1562 toritate
363 1498 501 1562 Concilii
523 1498 660 1562 Oxonie
680 1498 837 1561 celebrati
857 1508 910 1561 cst
929 1496 1144 1561 consolidata.
1195 1497 1241 1560 Et
1266 1497 1461 1559 mandatum

210 1612 260 1665 est
275 1602 365 1665 dicto
382 1602 638 1679 Archidiac0n0,
654 1611 700 1679 ut,
715 1614 776 1665 etc.

210 1772 323 1839 [Robert
337 1788 425 1840 nepos
443 1772 615 1836 subdiaconi,
630 1772 781 1839 presented
797 1773 830 1839 dy
847 1772 893 1825 ttre
909 1772 999 1824 Abbot
1014 1771 1075 1823 and
1093 1770 1220 1824 Convent
1235 1770 1271 1838 os
1283 1768 1426 1838 Croyland,
1439 1770 1465 1823 is

272 1853 619 1914 institutedtottrectmrctt
631 1853 844 1922 efflngoldrby.]
1189 1864 1194 1874 ·

297 1974 737 2056 Inumbrante-Magister
767 1973 945 2049 Robertus‚
969 1992 1074 2054 nepos
1104 1971 1307 2048 subdiaconi,
1331 1990 1462 2053 presen-

209 2084 298 2138 tatus
322 2096 380 2158 per
403 2076 575 2140 Abbatem
597 2087 632 2140 et
655 2086 858 2140 conventum
883 2077 926 2139 de
951 2075 1130 2157 Croyland'
1155 2075 1197 2138 ad
1223 2074 1395 2137 ecclesiam
1421 2072 1465 2137 de

212 2179 407 2262 Ingoldeby‚
453 2180 541 2244 facta
589 2182 680 2263 prius
728 2182 941 2262 inquisitione
988 2200 1047 2261 per
1094 2180 1142 2255 R,
1181 2178 1464 2241 Archidiaconum

212 2281 390 2359 Lincolnie‚
421 2303 480 2365 per
509 2304 620 2365 quam,
651 2294 721 2359 etc,
752 2284 794 2346 ad
832 2283 975 2347 eandem
1010 2282 1176 2345 admissus
1213 2291 1272 2358 est,
1302 2291 1362 2344 etc.
1419 2280 1465 2344 Et

210 2386 395 2467 injunctum
420 2398 472 2450 est
497 2387 587 2450 dicto
613 2387 869 2463 Archidiac0n0‚
894 2386 1048 2469 presenti,
1073 2394 1118 2462 ut,
1143 2395 1203 2448 etc.

206 2572 299 2640 [John
310 2572 344 2625 de
354 2572 514 2641 Bm'gesord,
528 2573 665 2640 chaplain,
674 2574 823 2641 presented
839 2574 872 2641 by
883 2574 929 2626 the
939 2572 1027 2625 Pn'or
1035 2570 1096 2623 and
1114 2571 1240 2624 convent
1248 2572 1284 2639 os
1290 2569 1427 2637 Sdelfotd,
1440 2570 1466 2623 is

273 2654 417 2706 instruet
434 2660 461 2707 to
479 2655 525 2707 tte
542 2657 674 2723 vicarage
692 2656 728 2723 of
740 2671 758 2707 a
778 2655 895 2723 mediety
906 2654 992 2722 oftlre
1009 2652 1109 2706 churcle
1128 2653 1163 2720 of
1175 2651 1373 2720 hwbgham.
1410 2650 1466 2704 The

272 2737 404 2803 vt'carage
414 2737 439 2789 is
449 2736 605 2805 described]

297 2854 584 2919 LEVESINGHAM’
597 2856 984 2938 VICARIA.-Johannes
1000 2855 1043 2918 de
1059 2852 1250 2936 Brigelord’,
1266 2852 1465 2936 capellanus,

205 2969 418 3041 presentatus
441 2980 500 3042 per
523 2960 670 3023 Priorem
694 2970 727 3023 et
754 2971 956 3023 conventum
980 2959 1023 3022 de
1051 2957 1215 3024 Seldsord’
1239 2957 1281 3021 ad
1309 2957 1464 3021 vicariam

204 3062 397 3125 medietatis
420 3062 558 3125 ecclesie
578 3063 622 3127 de
646 3064 910 3146 Levesingham',
925 3072 1100 3127 vacantem
1125 3082 1183 3144 per
1206 3062 1463 3144 resignationem

205 3163 362 3247 Magistri
390 3166 549 3229 Willelmi
574 3167 617 3230 de
649 3168 872 3231 Bramcewell'
901 3168 956 3249 qui
987 3186 1062 3229 eam
1090 3166 1207 3228 ultimo
1237 3165 1353 3241 tenuit,
1377 3164 1464 3227 sacta

204 3270 298 3350 prius
322 3270 535 3351 inquisitione
558 3292 617 3352 per
641 3271 690 3347 R.‚
712 3270 996 3334 Archidiaconum
1022 3269 1203 3344 Lincolnie‚
1224 3289 1282 3351 per
1301 3288 1375 3350 que,
1394 3278 1464 3344 etc,

203 3372 249 3435 ad
280 3372 423 3435 eandem
455 3373 620 3436 admissus
652 3383 712 3450 est,
743 3394 819 3436 cum
851 3394 951 3437 onere
980 3382 1014 3436 et
1052 3392 1139 3455 pena
1168 3372 1373 3447 vicariorum,
1403 3380 1464 3435 etc.

204 3476 371 3540 Consistit
401 3487 513 3540 autem
538 3478 611 3559 ipsa
632 3478 755 3540 vicaria
785 3478 819 3540 in
842 3478 998 3540 omnibus
1022 3476 1160 3538 minutis
1182 3472 1320 3537 decimis
1342 3483 1377 3537 et
1406 3473 1464 3536 ob·

203 3578 420 3642 ventionibus
444 3580 558 3642 altaris
583 3589 617 3643 et
639 3579 778 3643 decimis
801 3579 867 3642 leni
891 3579 980 3642 dicte
1004 3577 1202 3653 medietatis,
1224 3577 1312 3639 etin
1335 3575 1465 3639 duabus

204 3682 338 3744 bovatis
369 3692 455 3745 terre
484 3684 556 3746 sine
586 3704 723 3761 manso;
759 3693 793 3745 et
823 3683 931 3746 solvet
961 3682 1100 3745 vicarius
1130 3679 1294 3743 sinodalia
1324 3690 1462 3743 tantum.

204 3784 298 3847 Dicti
328 3805 406 3847 vero
434 3786 527 3847 Prior
556 3796 590 3849 et
615 3796 798 3849 conventus
824 3786 1006 3869 hospitium
1033 3783 1280 3849 Archidiacono
1310 3802 1464 3866 procura-

204 3887 299 3963 bunt,
331 3897 364 3951 et
402 3890 590 3972 prospicere
620 3889 721 3953 debet
750 3889 840 3971 quod
879 3888 1045 3952 cancellus
1075 3907 1135 3970 pro
1166 3886 1346 3951 medietate
1375 3885 1464 3949 dicte

203 3989 346 4054 ecclesie
383 4002 562 4055 sartatecta
600 3992 723 4055 habeat
752 4003 786 4055 et
823 4002 1021 4056 ornamenta
1058 3990 1256 4054 sufficientia
1292 3999 1326 4053 et
1364 3989 1463 4052 libros

202 4103 436 4174 competentes
451 4117 458 4172 ;
481 4105 515 4158 et
538 4095 627 4158 valet
649 4096 739 4159 dicta
754 4096 876 4158 vicaria
892 4096 1039 4178 quinque
1055 4115 1182 4157 marcas
1206 4114 1265 4177 per
1280 4113 1415 4171 annum,
1429 4101 1463 4157 et

204 4216 283 4277 pars
309 4197 430 4259 Prioris
446 4208 481 4261 et
503 4208 688 4262 conventus
703 4208 842 4281 septem.
890 4199 935 4262 Et
958 4197 1145 4280 injunctum
1168 4208 1219 4261 est
1238 4196 1328 4259 dicto
1345 4195 1463 4260 Archi·

202 4299 358 4377 diacono,
373 4302 528 4382 presenti,
544 4312 590 4379 ut,
605 4313 665 4365 etc.

272 4467 368 4535 [uem.
381 4470 416 4534 8.]

203 4581 345 4649 [Richard
351 4582 473 4651 Perage,
484 4584 654 4648 sutdeacon,
661 4585 810 4652 presented
818 4586 851 4653 ty
861 4585 906 4639 tlte
916 4586 991 4639 three
1001 4585 1147 4651 respective
1152 4587 1278 4651 patrem,
1287 4584 1312 4636 is
1321 4582 1465 4636 restituted

271 4669 299 4716 to
312 4662 387 4716 three
399 4668 482 4731 parts
494 4666 530 4732 of
536 4665 581 4717 the
598 4666 699 4718 church
710 4668 746 4735 os
754 4666 980 4734 Cumberworttq

298 4780 800 4847 CUMBERWORD'.-—Ricardus
832 4785 968 4866 Patage,
993 4783 1227 4859 subdiaconus,
1254 4792 1462 4864 presentatus

208 4903 268 4962 per
293 4883 479 4949 Robertum
504 4883 548 4948 de
572 4885 689 4964 Toum,
709 4887 860 4963 militem,
880 4888 1008 4951 ratione
1032 4886 1148 4950 uxoris
1174 4906 1242 4962 sue,
1262 4884 1305 4949 ad
1330 4886 1461 4949 tertiam

209 4995 341 5066 partem
359 4985 498 5052 ecclesie
512 4988 556 5052 de
571 4988 827 5066 Cumberword',
842 4999 877 5054 et
896 5010 955 5071 per
975 4990 1128 5067 Aliciam,
1145 4988 1247 5053 filiam
1269 4987 1404 5052 Radulfi
1420 4987 1462 5052 de
