3550 5692
593 553 770 650 Episcopi
793 496 1075 628 Lincolniense's.
1396 555 1464 644 189

210 792 354 856 Abbatis
369 793 412 857 de
425 788 627 878 Saveynnye
642 796 675 858 in
686 788 821 878 Anglia,
833 796 876 859 ad
889 782 1055 861 vicariam*
1062 796 1200 861 ecclesie
1209 797 1252 861 de
1261 792 1465 879 'Benington

206 896 293 961 sacta
309 899 399 981 prius
414 900 628 981 inquisitione
643 921 702 983 per
718 901 767 977 R,
780 900 1063 965 Archidiaconum
1081 900 1263 977 Lincolnie,
1279 921 1338 983 per
1352 920 1464 982 quam,

207 1012 276 1078 etc,
306 1001 349 1064 ad
383 1002 524 1066 eandem
559 1003 725 1067 admissus
754 1013 805 1068 est
835 1026 913 1068 cum
944 1025 1045 1068 onere
1074 1014 1108 1069 et
1143 1024 1230 1087 pena
1260 1004 1464 1067 vicariorum.

208 1105 379 1183 Consistit,
393 1117 516 1183 autem,
532 1108 603 1190 ipsa
619 1109 741 1171 vicaria
756 1110 789 1171 in
806 1118 879 1172 toto
895 1108 1056 1191 alteragio
1072 1118 1106 1172 et
1129 1109 1162 1171 in
1185 1118 1329 1190 quatuor
1351 1107 1464 1170 karec-

207 1211 286 1273 tatis
310 1211 486 1287 straminis,
501 1222 535 1275 et
558 1212 591 1273 in
616 1211 746 1274 decima
769 1211 845 1289 seni,
863 1212 941 1276 licet
964 1213 1175 1275 contineatur
1195 1212 1227 1275 in
1252 1211 1466 1294 inquisitione

208 1314 444 1377 Archidiaconi
467 1314 590 1397 quod
582 1334 615 1377 tn
639 1324 782 1398 quatuor
805 1316 983 1380 karectatis
1004 1316 1079 1379 seni.
1126 1315 1171 1379 Et
1195 1314 1391 1379 mandatum
1406 1323 1466 1377 est

207 1418 298 1481 dicto
316 1416 561 1481 Archidiacono
577 1428 623 1495 ut,
638 1428 701 1482 etc.

206 1655 311 1719 [Homo
323 1654 358 1710 de
376 1655 525 1723 Gn'mesby,
537 1655 674 1723 chaplae'n,
681 1657 830 1723 presented
843 1658 877 1726 by
888 1658 935 1710 the
951 1658 1040 1711 Abbot
1053 1656 1114 1710 and
1130 1656 1257 1709 Convent
1270 1656 1306 1723 os
1317 1655 1465 1723 Beauporc

270 1738 298 1871 Ξ
305 1736 541 1887 ῖῖίιέἶῒῖιῑζὲᾗι
551 1737 651 1791 church
662 1740 698 1806 os
710 1738 851 1806 Hateltffe.
885 1740 913 1791 Α
921 1740 1040 1806 pension
1052 1741 1088 1807 os
1100 1738 1168 1805 half
1179 1754 1196 1789 a
1210 1738 1291 1789 mark
1303 1738 1327 1789 ts
1338 1737 1470 1792 reservent

295 1947 692 2012 HADECLIVE.—Hamo
725 1948 768 2011 de
807 1947 995 2032 Grimesby,
1025 1948 1227 2031 capellanus,
1257 1957 1467 2031 presentatus

207 2064 265 2134 per
279 2052 450 2115 Abbatem
466 2062 500 2115 et
523 2051 784 2115 conventum'de
808 2052 1000 2135 Belloportu
1018 2051 1060 2115 ad
1084 2051 1258 2116 ecclesiam
1282 2051 1325 2115 de
1351 2051 1465 2114 Hade-

206 2155 298 2232 clive,
307 2166 482 2219 vacantem
499 2177 556 2239 per
573 2157 831 2238 resignationem
844 2156 1014 2233 Bernardi,
1023 2154 1142 2219 ultimo
1155 2156 1289 2219 rectoris
1305 2154 1466 2236 ejusdem,

206 2259 293 2323 lacta
307 2261 416 2323 etiam
441 2260 655 2342 inquisitione
679 2281 737 2343 per
761 2260 956 2337 Robertum,
972 2259 1256 2323 Archidiaconum
1282 2258 1464 2335 Lincolnie,

206 2385 264 2445 per
286 2359 397 2446 quam,
411 2374 481 2441 etc,
497 2365 539 2428 ad
563 2364 705 2427 eandem
729 2364 895 2427 admissus
917 2374 977 2440 est,
993 2374 1075 2441 etc.;
1098 2364 1190 2427 salva
1212 2363 1310 2426 dictis
1338 2362 1465 2426 Abbati

206 2477 239 2530 et
254 2469 432 2531 conventui
448 2488 560 2530 annua
575 2467 715 2530 dimidia
731 2488 843 2530 marca
859 2468 995 2530 nomine
1010 2466 1161 2531 beneficii
1186 2466 1228 2559 de
1244 2466 1371 2530 eadem.
1419 2466 1464 2529 Et

207 2571 393 2653 injunctum
410 2581 461 2634 est
476 2570 585 2634 eidem
604 2570 861 2649 Archidiacono,
879 2572 1033 2655 presenti,
1050 2581 1096 2647 ut,
1111 2581 1171 2634 etc.

206 2802 321 2875 [Robert
333 2807 470 2875 chaplaen,
477 2807 626 2876 presented
639 2807 673 2875 by
684 2808 730 2861 the
746 2808 836 2862 About
849 2809 912 2861 and
933 2807 1109 2875 conventos
1123 2802 1206 2875 Croyl
1203 2806 1293 2869 and,
1280 2822 1305 2859 es
1321 2805 1466 2859 instituted

269 2905 349 2942 mear
356 2890 393 2957 os
400 2888 511 2958 Claxby
549 2890 606 2942 The
617 2891 748 2958 ve'carage
759 2891 784 2943 is
794 2890 940 2943 desuem
942 2891 952 2957 ]

293 3020 470 3084 CLAXEBY
503 3020 676 3085 VICARIA.
677 3019 900 3097 -Robertus,
929 3018 1130 3102 capellanus,
1160 3027 1370 3101 presentatus
1404 3037 1464 3099 per

209 3122 378 3187 Abbatem
409 3133 443 3188 et
477 3133 678 3188 conventum
710 3123 752 3186 de
784 3121 963 3205 Croyland'
994 3121 1036 3185 ad
1068 3122 1224 3185 vicariam
1255 3120 1393 3185 ecclesie
1423 3119 1466 3184 de

207 3226 370 3308 Claxeby,
393 3226 481 3289 sacta
507 3227 597 3309 prius
627 3227 842 3309 inquisitione
872 3247 930 3309 per
962 3225 1157 3302 Robertum,
1181 3224 1464 3289 Archidiaconum

207 3328 390 3405 Lincolnie,
413 3350 472 3411 per
494 3350 606 3411 quam,
621 3338 692 3405 etc,
712 3329 755 3393 ad
779 3328 922 3393 eandem
945 3310 1111 3391 admissus
1135 3338 1186 3391 est
1209 3348 1284 3391 cum
1308 3348 1408 3391 onere
1432 3336 1466 3390 et

207 3454 293 3515 pena
325 3432 533 3510 vicariorum,
562 3443 623 3497 etc.
680 3434 725 3496 Et
755 3433 942 3513 injunctum
980 3442 1031 3495 est
1068 3432 1177 3496 eidem
1209 3432 1465 3509 Archidiacono,

208 3538 362 3620 presenti,
374 3547 420 3613 ut,
429 3547 491 3600 etc.
538 3537 707 3616 Consistit,
719 3549 842 3613 autem,
853 3538 925 3620 ipsa
936 3537 1058 3600 vicaria
1074 3538 1106 3598 in
1124 3546 1196 3600 toto
1212 3536 1373 3618 altaragio
1389 3530 1465 3599 cum

207 3638 292 3703 tosto
322 3650 357 3703 et
386 3650 474 3703 terra
505 3642 692 3723 pertinente
723 3640 766 3703 ad
797 3640 982 3717 ecclesiam,
1005 3650 1039 3703 et
1070 3640 1103 3701 in
1130 3638 1261 3703 decima
1287 3639 1465 3721 garbarum

206 3741 364 3805 dominici
380 3742 552 3825 quondam
571 3743 715 3806 Baldrici
734 3744 777 3807 de
793 3743 983 3817 Grendhal’‚
998 3745 1199 3825 quicumque
1215 3742 1342 3805 dictum
1358 3741 1465 3805 domi-

206 3846 317 3909 nicum
334 3847 485 3910 tenuerit.

205 4065 342 4134 [Richard
360 4065 394 4118 de
419 4066 446 4117 T
442 4066 520 4133 hosp.
539 4067 677 4134 cleptein,
691 4066 841 4135 presented
856 4066 890 4136 by
902 4067 980 4134 John
999 4066 1033 4120 de
1050 4067 1180 4135 Braitost
1197 4067 1222 4118 ts
1240 4065 1389 4119 instituted
1403 4070 1430 4117 to
1447 4080 1465 4116 a

270 4147 386 4215 mediety
396 4148 432 4215 os
438 4147 483 4200 tlte
494 4147 594 4200 church
606 4149 642 4216 os
650 4147 796 4217 Claypole]

293 4275 675 4340 CLAIPOL.—Ricardus
705 4276 748 4339 de
779 4277 905 4359 Thorp,
935 4277 1136 4359 capellanus
1166 4284 1376 4358 presentatus
1407 4295 1466 4357 per

204 4379 394 4461 Johannem
425 4378 468 4442 de
494 4379 655 4456 Braitolt',
681 4380 830 4455 militem,
857 4382 985 4444 ratione
1015 4380 1145 4443 heredis
1172 4401 1272 4461 quem
1303 4378 1405 4441 habet
1431 4378 1464 4440 in

205 4482 366 4566 custodia,
396 4493 430 4545 et
460 4504 518 4565 per
552 4483 744 4561 Ricardum,
774 4483 877 4548 lilium
911 4484 1049 4549 Gerardi
1081 4484 1123 4547 de
1156 4482 1306 4559 Huwell’,
1338 4482 1465 4545 ratione

205 4587 320 4650 uxoris
351 4607 418 4663 sue,
448 4586 491 4650 ad
527 4586 616 4650 illam
649 4587 864 4651 medietatem
896 4588 929 4649 in
960 4587 1100 4651 ecclesia
1130 4587 1173 4650 de
1204 4585 1333 4669 Claipol
1363 4604 1464 4667 quam

206 4691 357 4754 Thomas
387 4689 506 4754 ultimo
537 4693 653 4768 tenuit,
683 4692 772 4754 sacta
807 4693 899 4774 prius
932 4692 1146 4773 inquisitione
1179 4711 1237 4773 per
1270 4689 1465 4768 Robertum,

206 4793 490 4858 Archidiaconum
513 4795 694 4870 Lincolnie,
714 4816 773 4877 per
792 4815 904 4877 quam,
924 4804 995 4871 etc,
1017 4793 1059 4856 ad
1083 4793 1224 4857 eandem
1249 4792 1463 4856 medietatem

205 4897 371 4960 admissus
394 4907 454 4974 est,
478 4918 554 4960 cum
580 4918 680 4960 onere
706 4898 915 4961 ministrandi
944 4897 1162 4980 personaliter
1193 4899 1225 4959 in
1249 4896 1377 4971 eadem,
1401 4904 1463 4959 etc.

207 5002 252 5064 Et
269 5000 466 5064 mandatum
482 5011 533 5064 est
547 5000 657 5064 eidem
674 5001 923 5065 Archidiacono
940 5010 985 5077 ut,
1001 5010 1061 5065 etc.
