3550 5692
332 562 402 633 174
670 539 805 612 Rotulz'
828 537 1005 635 Hugonz's
1031 537 1074 609 de
1110 537 1242 609 Welees

325 801 370 844 -ea
395 777 557 841 canonice
583 776 725 839 vicarius
751 785 932 858 perpetuus
958 775 1138 851 institutus,
1154 795 1229 837 cum
1252 796 1353 839 onere
1377 774 1590 838 ministrandi

331 880 549 965 personaliter
568 880 601 943 in
625 880 744 943 eadem
769 878 811 942 ad
836 878 1034 942 mandatum
1057 878 1186 941 domini
1209 879 1376 962 Episcopi.
1427 879 1590 943 Consistit

326 995 444 1049 autem
465 985 537 1066 ipsa
560 984 682 1046 vicaria
706 984 739 1045 in
765 983 921 1045 omnibus
946 982 1172 1045 oblationibus
1199 1004 1258 1065 per
1283 1003 1419 1058 annum,
1435 983 1590 1065 exceptis

332 1087 625 1172 purificationibus,
648 1087 870 1169 sponsalibus,
894 1085 1103 1161 annualibus,
1131 1086 1377 1163 tricennalibus,
1401 1085 1444 1149 de
1467 1086 1590 1167 quibus

332 1193 472 1256 vicarius
492 1212 559 1254 non
582 1190 719 1254 habebit
738 1191 801 1254 nisi
822 1192 955 1253 tertiam
981 1198 1109 1272 partem
1130 1191 1284 1253 consistit
1304 1191 1406 1253 etiam
1433 1190 1466 1251 in
1490 1192 1591 1253 tertia

333 1305 426 1377 parte
442 1296 592 1358 omniurn
609 1294 813 1357 decimarum
830 1305 901 1357 tam
924 1294 1089 1376 majorum
1106 1314 1207 1375 quam
1231 1296 1397 1357 minorum
1414 1294 1589 1357 ecclesiam

328 1400 376 1463 de
399 1400 533 1461 Wiham
555 1400 833 1481 contingentium,
853 1420 930 1463 cum
956 1408 1028 1461 toto
1053 1399 1185 1479 ciragio,
1205 1400 1357 1481 exceptis
1382 1398 1521 1461 decimis
1546 1398 1590 1461 de

327 1510 475 1582 -quatuor
484 1499 627 1575 culturis
634 1498 788 1575 videlicit,
800 1498 842 1561 de
855 1498 1102 1580 Dichanwang',
1115 1498 1335 1581 Scontwang’,
1348 1498 1590 1561 Hunthawahil

1750 506 1751 535 l

1750 574 1751 607 l

1750 666 1751 711 l

330 1625 378 1667 ex
406 1614 547 1685 utraque
574 1613 668 1684 parte
696 1604 756 1678 vie,
780 1623 845 1684 que
872 1602 980 1666 tendit
1005 1601 1048 1665 de
1079 1602 1178 1665 Lund
1211 1623 1316 1683 usque
1345 1602 1531 1678 Edenham,
1556 1613 1591 1666 et

333 1709 485 1789 exceptis
514 1707 652 1770 decimis
682 1708 832 1769 omniurn
863 1717 1022 1770 terrarum
1051 1706 1093 1769 de
1124 1706 1300 1769 dominicis
1330 1708 1424 1769 terris
1455 1707 1590 1768 canoni-

331 1833 448 1875 corum
472 1811 515 1873 de
538 1810 777 1893 Bridlingeton'
800 1831 883 1892 quas
906 1811 1031 1874 habent
1062 1811 1095 1872 in
1120 1810 1292 1892 parrochia
1314 1810 1357 1872 de
1380 1810 1525 1885 Wiham,
1548 1810 1591 1873 de

330 1917 455 1997 quibus
477 1915 618 1978 vicarius
648 1914 691 1977 de
714 1914 848 1976 Wiham
874 1914 955 1975 nihil
979 1915 1146 1996 percipiet.
1195 1914 1309 1977 Habet
1331 1915 1431 1978 etiam
1450 1916 1590 1977 vicarius

336 2039 489 2082 mansum
524 2027 771 2099 competentem
801 2016 993 2080 edificatum
1024 2028 1058 2081 et
1089 2018 1211 2081 toftum
1242 2017 1351 2080 eidem
1384 2038 1500 2080 manso
1531 2016 1590 2079 ad-

329 2122 500 2203 jacentem
533 2131 567 2184 et
600 2142 814 2183 communam
843 2130 978 2202 pasture
1004 2121 1081 2184 ville
1109 2120 1152 2184 de
1180 2121 1324 2196 Wiham,
1352 2131 1386 2183 et
1413 2120 1589 2185 sustinebit

333 2227 449 2289 omnia
472 2245 573 2288 onera
595 2224 798 2308 episcopalia
823 2235 857 2287 et
880 2224 1168 2299 archidiaconalia,
1191 2235 1224 2288 et
1251 2224 1349 2288 saciet
1372 2224 1528 2287 deserviri
1556 2210 1589 2287 in

331 2330 463 2413 capella
486 2330 529 2391 de
553 2328 650 2391 Lund
674 2328 851 2391 dominicis
874 2327 992 2391 diebus
1022 2338 1154 2391 tantum
1186 2348 1244 2410 per
1267 2348 1407 2405 annum3
1445 2339 1478 2392 et
1502 2328 1590 2391 valet

336 2433 448 2497 totalis
464 2432 603 2495 ecclesia
618 2430 743 2512 xxiiij⁰r
754 2452 892 2508 marcaS,
905 2442 938 2494 et
951 2432 1072 2495 vicaria
1081 2432 1136 2513 viij
1153 2453 1288 2495 marcas
1325 2433 1382 2495 Et
1394 2432 1588 2495 mandatum

332 2547 388 2600 est
407 2536 497 2599 dicto
518 2535 765 2599 Archidiaeono
789 2546 825 2598 ut
846 2536 956 2617 ipsum
977 2535 1144 2598 Thomam
1170 2535 1306 2598 inducat
1327 2536 1360 2597 in
1384 2536 1589 2617 corporalem

333 2640 426 2703 dicte
442 2640 562 2702 vicarie
578 2639 831 2720 possessionem.

335 2844 428 2911 [John
442 2843 475 2896 de
495 2842 641 2910 Thimelby‚
658 2843 796 2909 chaplae'n.
802 2841 953 2909 presented
966 2842 999 2910 by
1014 2842 1059 2894 the
1074 2842 1188 2901 Master,
1205 2842 1337 2904 Pedoress,
1349 2841 1411 2893 and
1425 2841 1552 2894 Convent
1564 2842 1600 2910 of

402 2924 567 2982 Stenwonld,
579 2925 603 2976 is
617 2925 761 2976 enstimted
772 2925 853 2976 vicar
865 2925 902 2990 os
912 2924 1075 2991 Lavington
1092 2926 1165 2976 alias
1180 2924 1294 2975 Lenton.
1344 2923 1401 2975 The
1420 2924 1554 2990 vecarage
1569 2924 1593 2975 is

403 3005 559 3073 described]

429 3147 665 3209 LAVINGTON’
690 3147 1078 3229 VICARIA.-Johannes
1108 3148 1151 3211 de
1181 3148 1369 3229 Thimelby‚
1394 3147 1593 3229 capellanus,

338 3260 551 3332 presentatus
561 3270 619 3331 per
631 3251 841 3332 Magistrum,
853 3252 1057 3328 Priorissam,
1067 3262 1100 3315 et
1111 3261 1311 3315 conventum
1321 3250 1365 3314 de
1376 3249 1593 3316 Stikeswaud'

337 3355 383 3416 ad
401 3354 556 3416 vicariam
577 3353 715 3417 ecclesie
735 3354 777 3416 de
799 3354 1007 3436 Lavington’,
1023 3354 1111 3417 facta
1128 3356 1217 3436 prius
1238 3354 1452 3435 inquisitione
1472 3374 1531 3435 per
1548 3353 1594 3428 R,

343 3457 626 3521 Archidiaconum
645 3457 825 3532 Lineolnie,
842 3478 901 3539 per
916 3478 1027 3539 quam,
1042 3467 1112 3535 etc,
1129 3457 1171 3521 ad
1188 3457 1328 3521 eandem
1350 3456 1516 3520 admissus
1535 3465 1595 3531 est,

341 3561 405 3624 sub
420 3581 519 3623 onere
534 3570 568 3623 et
583 3582 670 3641 pena
685 3562 890 3624 vicariorum.
937 3562 1098 3626 Consistit
1114 3572 1226 3625 autem
1250 3562 1322 3643 ipsa
1337 3562 1459 3624 vicaria
1475 3562 1507 3623 in
1525 3571 1595 3624 toto

339 3665 504 3745 alteragio
520 3674 589 3726 tam
605 3664 743 3727 ecclesie
759 3685 859 3745 quam
881 3666 1107 3748 cappellarum
1128 3665 1311 3728 addictam
1333 3665 1508 3727 ecclesiam
1525 3686 1596 3747 per-

343 3768 520 3829 tinentium
536 3772 574 3830 'et
596 3768 629 3829 in
649 3766 787 3829 decimis
807 3770 985 3850 garbarum
1009 3771 1112 3832 totius
1135 3769 1257 3850 proprii
1282 3768 1439 3831 dominici
1463 3767 1595 3831 Radulfi

345 3870 443 3932 Ridel
468 3871 500 3932 in
522 3871 660 3952 Kiseby,
678 3881 712 3933 et
735 3872 871 3935 habebit
891 3873 1030 3935 vicarius
1053 3873 1262 3955 capellanum
1284 3874 1420 3949 socium,
1435 3882 1468 3935 et
1492 3872 1598 3935 solvet

344 3973 515 4049 sinodalia,
540 3983 573 4036 et
599 3974 699 4037 habet
731 3996 884 4038 mansum
916 3986 1171 4057 competentem.
1219 3976 1310 4038 Dieti
1333 3997 1410 4039 vero
1437 3976 1598 4058 Magistri,

346 4077 512 4152 Priorissa,
540 4087 574 4139 et
605 4089 789 4140 conventus
820 4078 1044 4160 procurabunt
1075 4080 1256 4160 hospitium
1285 4079 1540 4155 Archidiacon0,
1565 4087 1598 4141 et

340 4189 454 4242 cetera
474 4200 584 4255 onera,
602 4191 671 4242 tam
696 4181 862 4243 ordinaria
883 4203 984 4263 quam
1010 4182 1283 4259 extraordinaria,
1308 4183 1539 4260 sustinebunt;
1566 4193 1598 4245 et

346 4283 433 4346 valet
458 4284 579 4345 vicaria
609 4306 633 4345 x
665 4305 801 4347 marcas,
849 4286 895 4347 Et
927 4286 1122 4348 mandatum
1153 4297 1203 4349 est
1233 4287 1323 4349 dicto
1353 4286 1598 4349 Archidiacono

346 4396 392 4462 ut,
408 4396 468 4447 etc.

345 4549 451 4617 [Rolph
468 4550 502 4602 de
519 4550 616 4609 Portu,
634 4550 803 4612 sub-deacon,
816 4554 966 4620 presented
982 4554 1015 4621 by
1026 4554 1070 4605 tlte
1081 4553 1171 4606 Abbot
1184 4554 1245 4606 and
1261 4554 1386 4606 Conveni
1399 4554 1435 4620 of
1452 4553 1478 4604 T
1475 4552 1599 4615 homton,

412 4633 437 4684 is
447 4632 592 4683 instituted
600 4636 627 4683 to
639 4632 683 4684 tlte
694 4634 793 4685 churclr
806 4635 842 4702 of
854 4635 979 4703 Weltnn]

436 4768 884 4831 WELLETON’.—Radulius
915 4769 957 4832 de
989 4772 1099 4842 Portu,
1130 4770 1361 4846 subdiaconus
1392 4778 1600 4852 presentatus

349 4894 407 4954 per
420 4872 589 4934 Abbatem
600 4882 633 4933 et
644 4883 845 4934 conventum
856 4872 898 4935 de
911 4873 1115 4937 Thorneton’
1127 4874 1168 4937 ad
1180 4874 1352 4937 ecclesiam
1364 4873 1406 4935 de
1416 4872 1601 4947 Welleton,

349 4985 525 5038 vacantem
547 4996 606 5059 per
622 4975 818 5053 Concilium,
835 4977 922 5039 facta
938 4978 1028 5058 prius
1051 4978 1265 5059 inquisitione
1286 4996 1345 5058 per
1362 4976 1411 5051 R,
1427 4974 1601 5037 Archidia·
