3550 5692
673 573 808 645 Rotuli
830 571 1007 669 Hngonis
1031 572 1076 644 de
1110 571 1243 646 Welles

826 811 967 875 Annus
989 825 1092 875 xv111.

330 1018 337 1028 ⁶
415 938 627 1022 [Dodsworth
643 939 689 1002 M
689 939 733 1013 S..
745 939 803 1002 vol.
821 954 895 1020 107,
905 939 963 1016 fol.
978 955 1030 1022 47,
1044 961 1067 1002 a
1081 941 1264 1022 transcript
1276 943 1314 1021 ej
1324 941 1392 1006 etis
1406 943 1476 1020 roll,
1492 945 1586 1006 enode

327 1043 364 1106 in
387 1041 572 1124 September
586 1038 681 1124 1641,
695 1064 788 1123 says:
810 1043 952 1106 “Annus
971 1043 1062 1125 ναῖε]
1079 1052 1111 1105 et
1131 1044 1179 1107 sic
1199 1043 1248 1107 od
1262 1047 1348 1123 xxvj
1365 1045 1490 1123 desunt,
1506 1047 1584 1129 quia

328 1145 494 1209 recordnm
513 1145 715 1208 laceratumf’
767 1145 832 1209 The
841 1145 927 1228 first
945 1156 1039 1227 entry
1048 1147 1111 1226 for
1127 1146 1182 1210 the
1200 1147 1381 1230 eighteenth
1388 1171 1476 1230 year
1489 1152 1519 1213 is
1533 1149 1585 1214 the

327 1248 512 1313 institution
528 1250 569 1328 of
578 1249 747 1331 Reginald
757 1249 796 1312 de
812 1249 924 1314 stowe
939 1260 971 1312 to
985 1271 1006 1312 a
1021 1251 1181 1332 oicarage,
1196 1272 1237 1314 on
1252 1251 1305 1315 tlte
1313 1254 1538 1333 presentatien
1553 1255 1595 1334 of

244 1399 246 1408 ,
327 1353 513 1435 “Magister
534 1351 696 1416 Walterus
709 1354 748 1416 de
766 1389 853 1400 --
867 1353 892 1430 ”,
908 1353 961 1416 tlte
980 1365 1088 1431 rector,
1107 1355 1191 1418 with
1211 1354 1264 1418 the
1282 1366 1392 1419 assent
1410 1358 1452 1436 of
1471 1357 1517 1421 W.
1534 1356 1585 1419 the

327 1457 433 1520 Prior
447 1457 519 1520 and
536 1455 679 1522 Convent
696 1458 738 1536 of
749 1457 905 1521 Evermu.
956 1457 987 1521 T
984 1457 1023 1521 lte
1040 1458 1155 1521 second
1169 1468 1265 1539 entry
1279 1459 1309 1522 is
1327 1461 1518 1542 apparently
1532 1459 1586 1522 tlee

328 1561 512 1624 institution
531 1561 572 1640 of
582 1561 768 1644 “Magister
783 1561 943 1625 Robertus
964 1561 1183 1626 Grosse'teste'’
1198 1584 1239 1625 on
1254 1563 1307 1626 tlte
1315 1565 1537 1645 presentation
1553 1567 1588 1642 of

327 1687 371 1727 an
387 1665 494 1728 Athos
507 1665 579 1728 and
592 1663 711 1742 Canon,
726 1666 800 1729 who
814 1665 885 1729 lead
901 1666 1035 1729 secured
1049 1665 1102 1729 tte
1116 1675 1297 1748 patronage
1316 1667 1355 1748 by
1370 1690 1392 1730 a
1411 1668 1535 1731 verdict
1553 1667 1593 1747 of

328 1768 381 1831 tlte
395 1768 434 1830 K
432 1767 516 1850 ing²s
529 1779 626 1845 court,
642 1779 673 1832 to
687 1791 709 1831 a
722 1767 840 1832 chureii
856 1779 887 1832 to
902 1769 1008 1832 which
1023 1769 1062 1832 lie
1076 1769 1149 1832 had
1158 1769 1294 1851 already
1308 1770 1381 1834 been
1398 1771 1536 1834 collated
1547 1772 1586 1852 by

329 1871 381 1934 tlte
395 1871 540 1954 Bishap]

421 2001 490 2086 [On
506 2002 558 2065 the
573 2002 664 2065 dorse
676 2002 746 2086 .·-]

328 2121 486 2260 [ΙέεξιιξιιαὶἰιῑιῖῖΙ
500 2125 589 2188 monh,
597 2125 745 2192 presented
752 2125 836 2194 byttee
847 2125 938 2178 Aetot
945 2124 1006 2178 and
1016 2125 1187 2194 Conventus
1195 2125 1260 2186 Bec,
1268 2125 1293 2177 is
1304 2126 1453 2178 instituted
1461 2127 1548 2178 Pn'or
1556 2127 1592 2193 os

428 2247 434 2260 .
481 2209 557 2273 eote]
580 2231 585 2241 ·

416 2299 544 2384 Quinto
557 2301 630 2365 idus
648 2301 825 2378 Februarii,
837 2323 927 2364 anno
942 2299 1155 2384 pontificatus
1167 2300 1298 2364 domini
1312 2288 1471 2385 Episcopi
1485 2313 1584 2366 sexto

328 2403 468 2481 decimo,
481 2405 697 2488 Reginaldus,
707 2408 899 2482 monachus,
909 2415 1118 2487 presentatus
1134 2405 1328 2469 litteratorie
1343 2426 1402 2487 per
1415 2405 1585 2470 Abbatem

328 2520 361 2571 et
377 2519 578 2572 conventum
594 2509 637 2572 de
648 2510 755 2574 Becco
767 2510 810 2578 ad
826 2511 1009 2592 prioratum
1023 2510 1138 2575 Sancti
1150 2509 1250 2572 Neoti
1266 2519 1451 2586 vacantem,
1462 2511 1586 2573 comite

329 2611 535 2676 Gloucestrie
551 2624 585 2676 et
603 2613 795 2677 Hertsordie
810 2614 1017 2677 voluntatem
1037 2634 1132 2677 suam
1152 2634 1253 2696 super
1267 2615 1331 2676 hoc
1347 2614 1380 2675 in
1396 2613 1586 2694 beneplaci-

329 2725 400 2778 tum
432 2715 511 2778 dicti
541 2716 668 2779 domini
705 2718 863 2799 Episcopi
895 2717 1123 2792 transferente,
1153 2716 1196 2779 ad
1227 2715 1369 2780 eandem
1404 2718 1585 2798 prioratum

328 2819 494 2882 admissus
509 2830 559 2883 est
575 2831 608 2884 et
625 2821 657 2883 in
673 2842 722 2898 e0,
738 2832 775 2885 ut
791 2822 892 2884 moris
907 2831 967 2897 est,
983 2841 1041 2902 per
1057 2820 1177 2882 librum
1196 2821 1380 2896 institutus,
1395 2820 1586 2902 juramento

329 2943 428 3006 super
454 2923 644 2988 obedientia
674 2925 902 3007 sollempniter
933 2924 1119 2988 subsecuto.
1166 2925 1212 2987 Et
1235 2924 1422 3006 injunctum
1445 2934 1496 2987 est
1520 2925 1587 3001 Ph.,

331 3027 577 3090 Archidiacono
600 3028 866 3111 Huntingdonie,
882 3030 1035 3112 presenti,
1051 3039 1088 3090 ut
1107 3029 1215 3110 ipsum
1233 3028 1265 3089 in
1284 3028 1489 3110 corporalem
1505 3028 1585 3090 dicti

330 3132 493 3213 prioratus
510 3133 762 3214 possessionem,
773 3132 956 3196 secundum
972 3131 1063 3214 quod
1079 3133 1251 3194 consuevit
1268 3130 1346 3207 fieri,
1357 3153 1433 3196 cum
1444 3131 1586 3213 solemp-

330 3235 435 3298 nitate
456 3234 555 3299 faciat
577 3235 696 3299 induci.
743 3236 868 3300 Actum
890 3235 979 3319 apud
1000 3236 1107 3300 Vetus
1124 3235 1303 3317 Templum
1327 3235 1434 3298 Lond'
1450 3237 1483 3298 in
1502 3235 1588 3311 aula,

330 3339 538 3422 presentibus
568 3339 707 3402 domino
742 3340 971 3416 Bathoniensi,
1004 3339 1047 3402 H.
1078 3338 1122 3402 de
1151 3338 1273 3401 Tribus
1305 3339 1467 3415 Portibus,
1496 3338 1587 3402 dicto

332 3442 578 3506 Archidiacono
596 3443 861 3527 Huntingdonie,
881 3444 1047 3525 Magistro
1065 3443 1213 3524 Hugone
1228 3442 1272 3506 de
1288 3441 1404 3519 Lond’,
1424 3434 1587 3524 Magistro

331 3546 489 3623 Roberto,
509 3548 599 3609 socio
618 3546 698 3609 dicti
716 3546 963 3619 Archidiaconi,
982 3546 1136 3628 Johanne
1156 3545 1199 3610 de
1218 3547 1375 3610 Tantone
1395 3545 1586 3628 capellan0,¹

332 3650 478 3714 Radullo
505 3651 547 3714 de
575 3651 752 3714 Wareville
774 3650 972 3733 canonic[is]
999 3649 1328 3733 Linc[olniensibus],
1351 3650 1521 3714 Willelmo
1544 3651 1587 3714 de

331 3754 603 3830 Winchecumbe,
617 3755 771 3836 Johanne
784 3755 826 3818 de
844 3754 1044 3835 Bannebiry,
1057 3754 1220 3835 Magistro
1238 3752 1383 3816 Ricardo
1395 3754 1438 3818 de
1451 3754 1587 3818 Winde-

331 3858 448 3921 leshor’
464 3868 497 3920 et
515 3859 594 3921 aliis.

893 3935 1026 3951 μ

330 4027 437 4096 [Roger
445 4030 470 4080 is
481 4027 625 4080 instituted
633 4028 720 4080 Peior
728 4029 764 4096 os
770 4029 983 4096 Huntingdon.]

419 4123 571 4185 Vacante
598 4123 743 4203 prioratu
777 4121 1024 4205 Huntingdune
1050 4142 1108 4203 per
1135 4123 1392 4204 resignationem
1425 4122 1587 4203 Johannis

331 4226 501 4308 quondam
535 4226 654 4288 Prioris
684 4226 844 4308 ejusdem,
869 4228 1020 4308 Rogems
1052 4227 1198 4288 Frasebii
1221 4225 1277 4308 [?]²
1301 4246 1359 4307 per
1385 4235 1585 4288 conventum

331 4329 455 4393 electus
476 4331 508 4391 in
529 4330 681 4411 priorem,
702 4331 942 4394 interveniente
964 4331 1054 4412 prius
1079 4329 1165 4411 Elye
1187 4329 1230 4392 de
1254 4328 1491 4393 Amundeville
1514 4340 1586 4392 tan-

331 4454 431 4515 quam
459 4434 590 4515 patroni
618 4455 763 4510 assensu,
787 4443 964 4497 constante
987 4434 1089 4497 etiam
1114 4455 1173 4516 per
1198 4433 1323 4497 litteras
1350 4433 1585 4496 Archidiaconi

334 4536 590 4618 Huntingdonie
604 4537 800 4600 electionem
817 4538 924 4619 ipsam
942 4537 1042 4600 fuisse
1057 4538 1252 4600 canonicam
1268 4547 1302 4600 et
1318 4557 1357 4600 ea
1373 4535 1509 4601 demum
1529 4557 1588 4618 per

331 4640 504 4702 dominum
515 4640 889 4717 confirmata,admissus
899 4651 993 4704 estet
1003 4642 1036 4703 in
1046 4641 1137 4704 dicto
1147 4642 1293 4723 prioratu
1303 4640 1485 4704 seeundum
1496 4638 1585 4722 quod

331 4745 502 4807 consuevit
512 4743 580 4808 fieri
592 4745 685 4807 Prior
696 4746 874 4808 institutus
915 4745 960 4807 Et
970 4745 1166 4807 mandatum
1177 4756 1228 4808 est
1238 4745 1328 4807 dicto
1339 4743 1586 4807 Archidiacono

331 4847 421 4929 quod
438 4849 524 4910 circa
540 4847 798 4912 installationem
815 4849 887 4930 ejus
903 4857 937 4911 et
953 4848 1018 4911 alia
1032 4849 1122 4930 quod
1139 4869 1235 4911 suum
1252 4857 1303 4910 est
1319 4858 1512 4928 exequatur.

577 5044 583 5073 ¹
600 5044 784 5111 “Capellani¹',
800 5045 859 5097 MS.
976 5046 987 5074 ²
999 5045 1039 5097 Or
1050 5044 1172 5112 perhaps
1184 5052 1200 5073 ⁸·
1206 5044 1341 5096 Eusebii‘’.
