3550 5692
321 526 388 617 138
654 524 792 597 Rotulz'
814 524 992 621 Hugvnz's
1017 524 1061 598 de
1096 523 1229 597 Welles

315 762 398 825 siam
424 762 540 827 Sancti
564 762 747 827 Clementis
769 760 813 825 de
836 760 1040 844 Saufleteby,
1063 761 1152 826 facta
1175 762 1265 844 prius
1284 762 1499 844 inquisitione
1515 782 1573 843 per

317 866 367 941 R,
384 864 667 929 Archidiaconum
693 866 875 942 Lincolnie,
899 888 958 948 per
973 886 1084 947 quam,
1099 876 1170 941 etc.,
1186 866 1351 929 admissus
1367 876 1418 929 est
1433 875 1468 929 et
1484 866 1516 927 in
1534 886 1573 929 ea

315 970 474 1033 canonice
490 970 670 1033 institutus
716 970 763 1033 Et
774 968 961 1050 injunctum
974 981 1025 1034 est
1040 970 1132 1033 dicto
1148 970 1404 1045 ArchidiaconO,
1418 971 1573 1052 presenti,

316 1084 362 1151 ut,
373 1084 435 1137 etc.
480 1074 714 1139 Subdiaconus
729 1084 789 1137 est.

316 1242 462 1313 [Geoffrey.
479 1244 560 1296 vicar
573 1244 609 1311 of
622 1249 678 1296 two
690 1244 819 1311 portions
836 1244 872 1312 os
884 1244 930 1297 tte
948 1242 1049 1297 churele
1069 1243 1105 1311 os
1113 1242 1247 1311 Fullethy,
1266 1243 1416 1311 presented
1431 1244 1464 1311 by
1485 1243 1526 1294 W.
1541 1242 1575 1294 de

385 1325 494 1394 Wyleby
503 1325 564 1378 and
571 1325 662 1377 Alina
672 1326 706 1379 de
716 1324 887 1393 Haringten,
901 1328 927 1379 is
937 1325 1081 1379 instituted
1083 1328 1192 1392 parson
1202 1326 1239 1392 of
1250 1324 1295 1377 tlte
1305 1324 1533 1393 samepontions]

404 1444 867 1522 Funnsrnsv.-Galfridus,
883 1445 1025 1508 vicarius
1044 1444 1185 1508 duarum
1207 1446 1351 1528 partium
1372 1445 1511 1509 ecclesie
1530 1444 1573 1508 de

317 1547 514 1631 Fulneteby,
529 1558 738 1632 presentatus
758 1569 816 1632 per
839 1549 891 1612 W.
916 1549 960 1612 de
985 1548 1140 1631 Wyleby,
1162 1550 1312 1625 militem,
1331 1560 1364 1612 et
1390 1549 1572 1612 Dominam

316 1651 454 1715 Alinam
479 1651 521 1715 de
555 1651 754 1735 Harington’
782 1652 824 1715 ad
856 1654 1001 1735 partium
1028 1650 1209 1715 earundem
1235 1663 1461 1734 personatum,
1486 1651 1573 1715 sacta

315 1756 405 1837 prius
426 1755 639 1837 inquisitione
658 1776 716 1838 per
733 1756 782 1832 R.,
798 1754 1082 1818 Archidiaconum
1104 1755 1287 1831 Lincolnie,
1304 1775 1487 1837 perquam,
1503 1766 1573 1831 etc.,

315 1858 481 1921 admissus
496 1868 555 1935 est,
570 1869 605 1922 et
624 1860 658 1922 in
673 1858 800 1923 eisdem
816 1860 968 1942 partibus
984 1879 1126 1942 persona
1145 1860 1304 1922 canonice
1324 1869 1375 1921 est
1395 1860 1572 1923 institutus

317 1963 362 2027 Et
378 1962 564 2044 injunctum
580 1973 631 2027 est
647 1963 738 2026 dicto
754 1963 1010 2039 Archidiacono,
1027 1964 1180 2045 presenti,
1198 1972 1243 2039 ut,
1259 1972 1320 2026 etc.

315 2131 420 2198 [Ralph
438 2132 472 2185 de
495 2132 551 2195 Ver,
573 2132 704 2200 chaplein
723 2133 759 2200 of
778 2132 826 2196 W,
846 2133 928 2185 Dean
946 2132 982 2200 of
997 2132 1120 2195 Le'ncoln,
1136 2130 1285 2199 presented
1301 2132 1334 2200 by
1353 2132 1398 2184 tlte
1416 2132 1504 2183 Ρνίον
1518 2131 1580 2183 end

383 2213 509 2266 Convent
523 2215 560 2282 of
574 2214 668 2282 Kyme,
688 2215 714 2266 is
733 2213 879 2267 instituted
899 2220 925 2267 to
943 2214 987 2267 the
1006 2214 1107 2267 chnrch
1127 2214 1163 2281 of
1177 2213 1305 2282 Ewerty.
1343 2214 1400 2266 The
1412 2215 1532 2280 pension
1551 2214 1577 2264 is

380 2296 733 2361 reseruedtotdecanons.]

403 2406 788 2471 YWARBY.-Radulfus
801 2407 843 2471 de
853 2408 931 2483 Ver,
942 2408 1004 2484 W,
1015 2408 1142 2471 Decani
1158 2408 1340 2484 Lincolnie,
1352 2406 1575 2489 cappellanus,

316 2504 526 2593 presentatus
550 2531 608 2594 per
624 2512 771 2575 Priorem
795 2522 829 2575 et
852 2522 1054 2575 conventum
1071 2512 1113 2575 de
1135 2512 1251 2594 Kyma
1274 2510 1316 2575 ad
1340 2510 1513 2575 ecclesiam
1534 2510 1575 2572 de

316 2614 473 2696 Ywarby‚
493 2625 668 2678 vacantem
692 2636 732 2679 eo
755 2616 844 2697 quod
866 2616 1029 2698 Magister
1052 2615 1219 2678 Robertns
1243 2615 1285 2677 de
1309 2615 1466 2696 Ywarby‚
1487 2616 1576 2697 prius

316 2728 423 2781 rector
447 2717 607 2799 ejusdem,
633 2720 722 2783 aliud
748 2721 872 2802 recepit
900 2718 1097 2783 beneficium
1125 2720 1177 2781 cui
1209 2740 1287 2781 cura
1314 2720 1501 2781 animarum
1526 2728 1576 2781 est

316 2840 461 2898 annexa,
483 2822 526 2885 ad
556 2822 699 2886 eandem
729 2823 903 2887 ecclesiam
935 2823 1099 2886 admissus
1129 2833 1189 2899 est,
1219 2834 1252 2887 et
1284 2824 1317 2885 in
1348 2843 1388 2887 ea
1418 2823 1575 2885 canonice

317 2945 460 3006 persona
485 2926 676 3004 institutus;
700 2925 792 2990 salva
818 2926 916 2989 dictis
943 2928 1110 2990 canonicis
1135 2927 1249 2991 debita
1274 2937 1307 2994 et
1332 2927 1470 3008 antiqua
1496 2947 1575 3009 pen·

316 3028 410 3091 sione
434 3028 477 3092 de
507 3028 634 3092 eadem.
681 3029 727 3093 Et
757 3028 943 3110 injunctum
977 3039 1028 3093 est
1059 3030 1108 3105 R.,
1134 3029 1390 3106 Archidiacon0,
1421 3031 1575 3112 presenti,

317 3141 364 3207 ut,
380 3142 441 3195 etc.
488 3132 565 3195 Non
582 3133 744 3196 habemus
761 3134 873 3197 literas
889 3133 1120 3214 inquisitionis
1189 3154 1191 3159 ⁴

317 3302 457 3369 [Geoffrey
473 3303 508 3354 de
534 3303 610 3365 Toln,
630 3303 708 3366 clerk,
724 3302 873 3370 presented
893 3304 926 3370 by
947 3303 1058 3355 Gerard
1076 3303 1110 3356 de
1131 3302 1249 3365 Howell,
1270 3306 1295 3355 is
1317 3303 1464 3356 instituted
1484 3308 1511 3355 to
1533 3303 1580 3354 the

382 3383 498 3452 medieni
508 3386 544 3451 of
557 3386 602 3437 tlte
619 3385 770 3452 charchas
788 3385 922 3452 Clespole,
936 3385 1026 3437 which
1046 3385 1173 3437 Richard
1189 3384 1222 3437 de
1238 3384 1421 3438 Wnnlesms
1438 3384 1498 3436 hed
1507 3384 1577 3437 held.

383 3466 410 3517 Α
416 3467 537 3533 pension
549 3468 584 3534 of
590 3485 622 3518 10
632 3466 767 3535 stn'llings
776 3467 803 3519 is
813 3467 943 3519 reserved
952 3472 979 3519 to
990 3467 1035 3519 the
1046 3467 1171 3531 Montes]

406 3576 804 3641 CLAYPOL.—Galsridus
845 3577 888 3641 de
931 3578 1036 3651 Toln',
1078 3577 1224 3654 clericus,
1269 3587 1477 3661 presentatus
1520 3598 1580 3660 per

319 3680 506 3744 Gerardum
530 3681 573 3744 de
598 3682 747 3760 Howell',
771 3681 921 3758 militem,
944 3682 986 3745 ad
1018 3682 1107 3745 illam
1133 3682 1348 3745 medietatem
1374 3682 1512 3745 ecclesie
1534 3681 1576 3744 de

319 3773 482 3867 Claypoll’
499 3807 601 3868 quam
623 3787 786 3868 Magister
802 3787 966 3851 Ricardus
980 3785 1024 3849 de
1041 3788 1268 3850 Windlesores
1285 3788 1442 3869 proximo
1461 3788 1576 3862 tenuit,

319 3888 456 3953 Abbate
475 3900 509 3952 et
528 3901 695 3953 conventu
715 3890 758 3953 de
778 3890 955 3972 Bardeney
971 3890 1264 3967 consentientibus
1281 3890 1445 3953 admissus
1465 3901 1525 3966 est,
1544 3899 1577 3953 et

318 3993 351 4055 in
368 4014 407 4055 ea
423 3994 582 4057 canonice
599 4015 740 4076 persona
756 3994 927 4058 institutus
943 4016 949 4072 ;
972 3995 1064 4057 salva
1079 3995 1205 4058 eisdem
1223 3995 1394 4057 monachis
1411 3993 1527 4057 debita
1543 4006 1575 4057 et

318 4098 457 4178 antiqua
478 4096 595 4160 decem
619 4096 801 4161 solidorum
833 4100 993 4181 pensione
1016 4098 1058 4163 de
1081 4098 1220 4175 eadem;
1244 4098 1336 4161 salvo
1359 4099 1462 4161 etiam
1486 4098 1577 4161 dicto

319 4201 483 4283 Magistro
508 4202 546 4263 R.
566 4202 730 4284 wainagio
752 4223 813 4265 suo
836 4203 935 4284 hujus
956 4204 1034 4265 anni
1061 4202 1193 4266 ibidem.
1240 4203 1285 4267 Et
1306 4201 1503 4265 mandatum
1526 4213 1575 4265 est

320 4305 368 4380 R.,
385 4304 641 4382 Archidiacono,
657 4315 694 4368 ut
710 4305 894 4369 secundum
911 4305 1053 4368 formam
1071 4307 1277 4388 premissam,
1293 4316 1353 4369 etc.

316 4473 428 4538 [Robert
444 4473 478 4525 de
499 4473 632 4541 Weinflet,
652 4475 791 4541 chaplain,
804 4474 954 4542 presented
968 4475 1001 4544 ty
1018 4476 1063 4528 tlte
1080 4476 1170 4529 Abbot
1184 4476 1245 4529 and
1265 4475 1391 4529 Convent
1406 4475 1442 4542 os
1455 4474 1574 4539 Bourne,

380 4555 562 4703 egoqeqqpeppqed
575 4562 602 4608 to
618 4556 663 4609 the
679 4557 780 4611 cknrck
796 4559 832 4626 of
838 4557 1057 4625 Skellengtttorp.
1095 4559 1121 4610 T
1118 4558 1152 4610 tte
1164 4559 1283 4625 pension
1302 4559 1326 4611 is
1344 4557 1474 4609 reserved
1488 4563 1515 4610 te
1531 4558 1578 4610 the

404 4749 878 4813 SKELLINGHO.—Robertus
899 4749 941 4814 de
963 4748 1129 4826 Weinflet,
1145 4750 1346 4833 capellanus
1362 4760 1575 4833 presentatus

316 4872 375 4935 per
390 4851 560 4916 Abbatem
576 4862 611 4915 et
626 4863 829 4916 conventum
843 4852 888 4917 de
906 4854 1043 4916 Brunna
1056 4853 1099 4916 ad
1115 4854 1289 4917 ecclesiam
1306 4854 1348 4917 de
1365 4854 1571 4937 Slrellingh0,

315 4954 403 5019 facta
418 4956 508 5037 prius
524 4956 738 5037 inquisitione
754 4977 812 5038 per
825 4958 875 5033 R,
885 4955 1171 5020 Archidiaconum
1186 4957 1367 5034 Lincolnie,
1376 4968 1411 5021 et
1424 4958 1575 5021 Domina
