3550 5692
598 540 771 636 Epzseopz
797 539 1080 612 LGcoennnse's.
1388 560 1390 563 ’
1419 563 1468 630 49

213 774 353 842 [Wlliam
364 775 399 827 de
412 773 583 836 Pertentsale,
597 773 733 841 chnplarn,
744 773 894 841 presented
907 773 941 842 by
954 774 990 826 E.
1003 774 1037 827 de
1049 774 1168 842 Offorde,
1180 775 1207 827 is
1219 774 1366 827 instituted
1379 779 1406 827 te
1423 775 1468 828 tlte

277 857 376 909 cnnrcle
388 857 424 924 of
431 857 532 924 Offord
540 856 654 925 Daren]

300 950 483 1015 ORFORDE
516 951 611 1014 DACI
643 949 927 1032 [?].—Willelmus
957 949 999 1013 de
1031 949 1236 1027 Pertenhale,
1265 950 1468 1033 capellanus,

213 1064 421 1136 presentatus
437 1075 496 1136 per
511 1053 683 1117 dominam
701 1054 739 1116 E.
756 1052 799 1117 de
811 1053 951 1118 Offorde
966 1053 1009 1117 ad
1025 1054 1199 1118 ecclesiam
1215 1054 1258 1118 de
1277 1053 1416 1119 Offorde
1437 1054 1467 1117 le

214 1159 348 1235 DaneiS,
369 1158 457 1221 sacta
480 1159 570 1240 prius
589 1158 802 1240 inquisitione
826 1179 885 1240 per
907 1158 973 1258 Pb,
990 1157 1273 1222 Archidiaconum
1297 1159 1467 1242 Hunting-

212 1261 320 1338 donie,
343 1283 402 1344 per
427 1282 538 1344 quam,
564 1272 635 1338 etc,
661 1261 825 1324 admissus
856 1272 907 1325 est
937 1272 970 1325 et
1001 1263 1034 1325 in
1064 1283 1104 1326 ea
1133 1263 1293 1325 canonice
1323 1283 1467 1345 persona

213 1365 382 1428 institutus
413 1386 489 1428 cum
523 1385 623 1428 onere
660 1375 693 1428 et
732 1385 818 1448 pena
848 1366 1054 1441 vicariorum,
1092 1366 1183 1428 salva
1220 1367 1388 1428 canonicis
1425 1364 1468 1429 de

215 1468 459 1552 Huntingdone
490 1469 642 1552 portione
671 1490 731 1531 sua
755 1489 856 1551 quam
888 1469 1013 1532 habent
1040 1468 1087 1551 [in
1114 1468 1242 1532 eadem.
1289 1469 1334 1532 Et
1360 1469 1468 1552 m]an-

212 1571 328 1635 datum
345 1582 395 1636 est
411 1571 501 1635 dicto
518 1571 774 1649 Archidiacono,
789 1582 850 1636 etc.

213 1834 315 1904 [Hugh
331 1835 365 1888 de
380 1837 534 1903 Sanmeya,
547 1835 684 1902 chaplain,
692 1835 842 1903 presented
850 1835 883 1902 tv
897 1834 1024 1896 Thomas,
1036 1836 1080 1888 the
1091 1840 1182 1898 rector,
1195 1837 1221 1887 is
1236 1835 1383 1888 instituted
1391 1836 1472 1889 vt‘car

277 1918 313 1984 os
329 1917 464 1986 Warboys.
501 1918 559 1970 The
569 1919 701 1986 ve'cnrage
711 1919 737 1971 is
747 1917 905 1984 described]
937 1915 946 1930 '

300 2012 529 2076 WARDEBOIS
553 2013 875 2094 VICARIA.—Hugo
894 2011 937 2075 de
958 2013 1151 2094 Sautereya,
1173 2012 1373 2095 capellanus,
1396 2034 1468 2096 pre-

212 2126 361 2179 sentatus
392 2137 450 2199 per
476 2117 653 2192 Thomam,
674 2127 834 2180 rectorem
864 2116 1002 2180 ecclesie
1025 2116 1068 2180 de
1092 2116 1299 2194 Wardebois,
1323 2116 1365 2180 ad
1389 2139 1462 2199 per-

213 2229 348 2302 petuam
365 2219 467 2303 ipsius
483 2221 619 2284 ecclesie
635 2222 800 2296 vicariam,
815 2221 1055 2284 interveniente
1071 2221 1215 2284 Abbatis
1231 2231 1264 2284 et
1285 2231 1468 2284 conventus

214 2324 378 2400 Ramesie,
390 2324 492 2406 ipsius
502 2324 639 2388 ecclesie
654 2335 879 2407 patronorum,
890 2345 1035 2401 assensu,
1047 2325 1134 2387 sacta
1150 2326 1239 2407 prius
1255 2325 1468 2406 inquisitione

214 2449 272 2510 per
299 2427 499 2511 Philippum,
519 2428 801 2491 Archidiaconum
824 2428 1094 2512 Huntingdonie,
1115 2449 1172 2511 per
1199 2449 1309 2510 quam,
1329 2438 1400 2504 eto,
1424 2428 1467 2491 ad

213 2531 353 2594 eandem
379 2530 544 2594 admissus
571 2542 621 2595 est
645 2542 679 2595 et
703 2533 843 2595 vicarius
870 2543 1049 2616 perpetuus
1079 2553 1155 2594 cum
1187 2553 1287 2595 onere
1316 2541 1350 2595 et
1381 2553 1468 2614 pena

212 2635 407 2698 vicariorum
432 2637 610 2699 institutus.
656 2636 817 2708 Consistit
840 2647 952 2700 autem
976 2637 1066 2700 dicta
1088 2637 1210 2699 vicaria
1233 2637 1266 2698 in
1290 2646 1363 2699 toto
1386 2636 1468 2700 alta-

213 2741 305 2821 ragio
342 2739 428 2802 illius
466 2741 610 2817 ecclesie,
648 2741 772 2804 scilicet
811 2743 844 2804 in
882 2741 1037 2804 omnibus
1079 2741 1215 2803 minutis
1253 2739 1392 2803 decimis
1435 2751 1468 2804 et

213 2843 468 2907 obventionibus
498 2845 541 2908 ad
572 2846 769 2927 altaragium
801 2845 1051 2928 pertinentibus.
1106 2845 1152 2907 Et
1190 2843 1387 2907 mandatum
1417 2854 1468 2908 est

213 2947 303 3011 dicto
320 2948 566 3016 Archidiacono
582 2960 626 3027 ut,
642 2961 702 3014 etc.

212 3117 324 3181 [Robert
332 3119 366 3171 de
376 3118 501 3187 Hedleya
513 3120 539 3171 is
549 3119 666 3172 collated
674 3125 700 3173 to
712 3121 757 3173 the
768 3119 868 3174 charete
879 3121 916 3187 of
921 3119 1006 3172 Lr'ttle
1019 3119 1167 3188 thding.]

301 3212 696 3297 GEDDING.-Magister
734 3213 901 3276 Robertus
938 3211 981 3276 de
1022 3211 1185 3294 Hedleya,
1222 3214 1274 3275 cui
1312 3212 1469 3276 dominus

215 3314 402 3397 Episcopus
440 3316 614 3380 ecclesiam
652 3316 695 3380 de
734 3318 839 3380 Parva
881 3315 1046 3397 Gedding’
1088 3317 1285 3379 auctoritate
1327 3316 1469 3380 contulit

214 3417 352 3481 Concilii
384 3419 426 3483 ad
457 3420 598 3483 eandem
630 3419 794 3483 admissus
824 3430 874 3483 est
912 3430 946 3482 et
983 3421 1016 3481 in
1055 3440 1095 3482 ea
1131 3421 1290 3482 canonice
1327 3441 1468 3503 persona

214 3519 395 3599 institutuS,
411 3522 503 3586 salvo
522 3525 556 3586 in
572 3533 741 3606 posterum
763 3522 836 3604 jure
852 3522 1110 3605 uniuscujusque
1126 3524 1181 3604 qui
1203 3521 1256 3603 jus
1273 3534 1468 3607 patronatus

213 3623 346 3687 evicerit
362 3625 395 3687 in
411 3625 538 3689 eadem.
585 3627 630 3689 Et
653 3625 839 3707 injunctum
861 3636 912 3689 est
926 3627 1081 3708 johanni,
1097 3625 1214 3689 clerico
1232 3626 1467 3689 Archidiaconi

216 3726 480 3811 Huntingdonie,
497 3739 542 3806 ut,
557 3740 617 3793 etc.
664 3730 789 3794 Actum
806 3731 841 3792 xi
859 3729 1019 3794 kalendas
1036 3729 1200 3795 Octobris

212 3992 310 4057 [Reice
324 3991 430 4055 deaeon,
438 3993 587 4058 presented
595 3991 628 4060 by
639 3991 684 4044 the
695 3991 784 4044 Abbot
798 3991 858 4043 and
870 3992 995 4058 ¹Convent
1004 3991 1170 4059 ofRamsey,
1183 4007 1208 4043 ns
1223 3991 1370 4044 enstituted
1383 3995 1411 4043 to
1424 3992 1469 4044 tlte

278 4073 379 4126 cnnrch
401 4075 437 4141 of
459 4073 580 4126 Wn'stow.
617 4073 674 4125 Ttre
696 4074 807 4126 ancr‘ent
825 4074 945 4139 pennen
969 4075 994 4125 ts
1015 4072 1146 4126 reserued
1165 4078 1193 4126 te
1214 4073 1260 4125 the
1280 4074 1416 4125 samstan
1438 4074 1474 4141 of

278 4156 416 4223 ansey.]

300 4249 705 4332 WISTOWA.—Magister
757 4249 894 4326 BriciuS,
940 4247 1108 4324 diaconus,
1155 4258 1363 4331 presentatus
1409 4269 1469 4331 per

213 4352 385 4416 Abbatem
406 4361 440 4415 et
462 4362 662 4415 conventum
688 4352 843 4414 Ramesie
866 4350 909 4414 ad
932 4350 1104 4414 ecclesiam
1127 4350 1170 4414 de
1192 4351 1368 4434 Wystouw
1390 4373 1466 4414 cum

213 4456 349 4540 capellis
365 4455 408 4519 de
429 4455 572 4539 Upwud’
588 4467 622 4518 et
642 4455 685 4518 de
709 4454 866 4537 Raueleg’
883 4455 926 4519 ad
949 4454 1090 4518 eandem
1114 4454 1364 4537 pertinentibus,
1379 4455 1467 4518 sacta

213 4562 303 4644 prius
319 4560 531 4642 inquisitione
550 4580 608 4642 per
624 4559 691 4635 Ph,
707 4558 990 4622 Archidiaconum
1009 4557 1264 4641 Huntingdune,
1282 4579 1341 4641 per
1355 4580 1466 4640 quam,

212 4674 283 4740 etc,
302 4663 344 4726 ad
366 4662 507 4726 eandem
526 4662 699 4726 ecclesiam
721 4661 885 4726 admissus
907 4673 958 4726 est
978 4672 1012 4725 et
1033 4662 1066 4723 in
1085 4682 1125 4724 ea
1145 4663 1304 4724 canonice
1324 4683 1466 4744 persona

213 4767 393 4843 institutuS,
415 4766 507 4830 salva
533 4767 668 4829 sacriste
695 4767 852 4830 Ramesie
876 4765 990 4829 debita
1014 4776 1048 4829 et
1074 4766 1211 4847 antiqua
1237 4766 1397 4847 pensione
1420 4766 1463 4830 de

212 4869 339 4934 eadem.
386 4871 431 4933 Et
452 4870 636 4951 injunctum
659 4880 709 4933 est
727 4871 882 4952 Johanni,
901 4870 1018 4933 clerico
1040 4868 1276 4932 Archidiaconi
1294 4870 1464 4951 Hunting-

212 4972 311 5049 dune,
326 4983 373 5050 ut,
387 4983 447 5036 etc

279 5081 350 5132 Vos.
369 5081 419 5132 lll.
1384 5094 1402 5132 e
