3550 5692
315 590 382 663 188
656 588 791 664 Rutuli
812 586 989 688 Hugonz's
1015 585 1059 663 de
1094 584 1225 664 Welles

307 851 384 893 cum
425 829 593 893 Robertus
629 829 672 894 de
711 830 771 896 Ori
809 832 1034 895 summonitus
1071 839 1160 895 esset
1197 829 1287 913 quod
1329 839 1417 894 esset
1455 850 1569 893 coram

306 934 497 1016 justiciariis
515 935 584 997 suis
607 931 696 1017 apud
721 935 1070 1011 westmonasterium,
1086 934 1128 997 ad
1153 934 1423 1018 respondendum
1442 934 1570 999 Abbati

308 1036 351 1103 de
375 1037 553 1121 Croyland'
577 1058 680 1120 quare
703 1038 877 1122 impedivit
901 1039 1183 1122 presentationem
1208 1058 1302 1101 suam
1326 1038 1368 1101 ad
1394 1038 1569 1102 ecclesiam

308 1140 351 1204 de
367 1140 587 1226 Quappelad’,
603 1162 669 1225 que
685 1142 827 1206 vacabat
849 1152 883 1206 et
907 1142 950 1206 ad
974 1163 1068 1205 suam
1093 1141 1268 1225 spectabat
1290 1142 1508 1205 donationem
1531 1151 1570 1204 ut

307 1243 489 1322 dicebatur,
523 1245 612 1309 idem
645 1244 813 1309 Robertus
843 1246 935 1309 venit
965 1246 998 1309 in
1029 1244 1148 1309 eadem
1179 1245 1271 1308 curia
1303 1266 1414 1309 coram
1441 1244 1569 1309 eisdem

305 1348 495 1431 justiciariis
510 1359 544 1413 et
560 1351 725 1413 concessit
735 1349 825 1432 quod
842 1349 1075 1415 admitteretur
1091 1349 1213 1414 idonea
1230 1369 1372 1433 persona
1390 1349 1434 1413 ab
1448 1348 1568 1413 eodem

309 1452 445 1517 Abbate
475 1462 675 1535 presentata,
705 1454 797 1517 salvo
827 1453 890 1517 sibi
919 1454 992 1536 jure
1023 1474 1083 1517 suo
1115 1454 1148 1515 in
1184 1463 1353 1536 posterum
1385 1454 1419 1515 in
1448 1452 1568 1517 eadem

309 1555 537 1621 advocatione.
586 1558 682 1633 Item,
705 1557 847 1641 receptis
870 1557 989 1622 litteris
1015 1555 1167 1639 ejusdem
1190 1557 1318 1621 domini
1344 1558 1446 1639 Regis
1469 1556 1570 1639 quod,

308 1680 384 1723 cum
411 1659 515 1723 Fulco
530 1659 573 1723 de
588 1660 649 1725 Ori
674 1661 706 1723 in
723 1662 814 1724 curia
830 1682 891 1725 sua
914 1682 1027 1726 coram
1042 1661 1233 1743 justiciariis
1257 1662 1324 1723 suis
1349 1660 1570 1743 implacitaret

308 1761 398 1845 apud
415 1763 750 1828 Westmonasterium
769 1764 941 1829 Abbatem
958 1764 1125 1831 Croiland’
1136 1764 1178 1829 de
1194 1765 1416 1828 advocatione
1431 1764 1569 1828 ecclesie

308 1864 586 1950 deQuappelad',
603 1866 691 1933 idem
713 1867 817 1931 Fulco
832 1870 924 1932 venit
944 1870 976 1931 in
993 1868 1111 1933 eadem
1128 1868 1219 1931 curia
1234 1878 1268 1933 et
1287 1868 1444 1950 cognovit
1458 1867 1568 1930 eidem

310 1969 438 2033 Abbati
453 1972 610 2035 seisinam
627 1992 722 2034 suam
739 1972 782 2035 de
797 1971 917 2036 eadem
938 1971 1166 2049 advocatione,
1183 1971 1276 2036 salvo
1296 1972 1405 2036 eidem
1430 1970 1569 2035 Fulconi

307 2072 380 2154 jure
405 2093 475 2149 suu,
501 2073 591 2138 unde
614 2074 759 2138 eundem
786 2074 958 2139 Abbatem
987 2076 1019 2139 in
1045 2076 1164 2139 eadem
1189 2076 1281 2138 curia
1305 2096 1417 2139 coram
1443 2075 1569 2139 eisdem

481 2176 672 2258 justiciariis
687 2180 755 2241 suis
771 2188 851 2243 tunc
867 2179 1095 2263 implacitavit,
1112 2200 1171 2262 per
1186 2200 1260 2262 que.
1275 2188 1346 2256 etc,
1362 2178 1405 2241 ad
1426 2178 1569 2243 eandem

308 2290 465 2359 [Mamm]
483 2281 648 2346 admissus
668 2292 719 2346 est
744 2283 807 2347 sub
831 2303 918 2367 pena
943 2283 1093 2361 Concilii,
1108 2295 1169 2348 etc.
1224 2284 1269 2346 Et
1298 2282 1495 2346 mandatum
1520 2292 1570 2346 est

484 2384 594 2449 eidem
613 2385 861 2449 Archidiacono
879 2397 926 2464 ut,
941 2398 1002 2451 etc.

309 2556 418 2625 [Roger
433 2555 458 2608 le
474 2555 532 2618 Bel,
551 2555 690 2623 chaplar'n.
704 2557 854 2623 presented
870 2557 904 2625 dy
918 2557 964 2609 ttre
977 2556 1067 2610 Abbot
1080 2557 1141 2609 and
1153 2557 1286 2610 ¹Convent
1302 2557 1338 2624 os
1348 2557 1374 2608 T
1370 2557 1533 2625 durganon,
1546 2556 1570 2608 is

374 2638 521 2691 instituted
528 2639 610 2691 vicar
617 2638 653 2705 os
658 2637 820 2705 Scopwr'ck]

395 2746 625 2832 [SC]APU1CH'
649 2747 1020 2831 VICAR1n.-Rogerus
1044 2748 1074 2811 le
1100 2748 1167 2822 Bel,
1184 2748 1383 2831 capellanus,
1400 2758 1568 2830 presenta-

310 2860 364 2915 tus
380 2871 439 2933 per
463 2851 609 2933 Priorem
625 2862 660 2915 et
682 2862 884 2915 conventum
901 2852 945 2916 de
967 2852 1173 2935 Thurgeton'
1190 2852 1232 2915 ad
1249 2852 1407 2915 vicariam
1432 2851 1570 2915 ecclesie

309 2954 352 3018 de
368 2954 560 3037 Scapwich',
576 2954 665 3018 sacta
687 2955 777 3038 prius
801 2957 1015 3039 inquisitione
1040 2977 1098 3039 per
1123 2958 1171 3033 R.,
1189 2955 1473 3021 Archidiaconum
1492 2956 1570 3018 Lin-

309 3057 425 3134 colnie,
436 3068 471 3121 et
488 3057 634 3121 Radullo
649 3058 692 3121 de
709 3058 834 3141 Derby‚
844 3059 1029 3142 capellano,
1046 3069 1237 3142 presentato
1253 3060 1343 3142 prius
1359 3058 1402 3122 ad
1418 3058 1570 3135 eandem,

308 3162 339 3224 ei
356 3182 415 3244 per
437 3161 564 3225 litteras
587 3183 664 3225 suas
688 3172 841 3244 patentes
865 3165 1091 3240 renunciante,
1104 3185 1163 3246 per
1185 3184 1259 3245 que,
1274 3173 1346 3240 etc,
1361 3162 1404 3226 ad
1427 3162 1569 3227 eandem

309 3264 476 3329 admissus
491 3276 542 3329 est
558 3287 634 3329 cum
651 3286 751 3330 onere
766 3277 800 3331 et
816 3288 904 3350 pena
913 3269 1120 3345 vicariorum,
1136 3278 1196 3331 etc.
1244 3268 1289 3332 Et
1306 3267 1503 3331 mandatum
1520 3276 1570 3331 est

309 3367 402 3431 dicto
419 3368 669 3432 Archidiacono
685 3380 730 3445 ut,
745 3380 806 3433 etc.

310 3537 398 3607 [Alan
415 3539 449 3591 de
465 3539 612 3607 Repingal,
625 3539 793 3600 mddeacon,
805 3539 955 3606 presented
969 3540 1002 3608 by
1013 3540 1101 3605 John,
1112 3557 1162 3593 son
1179 3542 1215 3608 os
1227 3541 1318 3608 Hugh
1335 3539 1369 3592 de
1385 3538 1570 3606 &pingatis

374 3620 522 3674 instituted
530 3627 557 3673 to
568 3639 586 3673 a
598 3621 677 3674 third
682 3624 753 3688 part
761 3621 797 3688 os
803 3621 849 3674 the
859 3621 961 3675 chureii
972 3623 1008 3690 os
1014 3622 1204 3691 Rrjtpingalej

397 3731 854 3815 [R]EP1NGHAL’.-Alanus
866 3733 909 3797 de
921 3734 1104 3818 Repingal’,
1117 3734 1349 3808 subdiaconus
1362 3741 1570 3813 presentatus

311 3856 370 3918 per
385 3836 584 3917 johannem,
598 3836 702 3900 lilium
721 3837 877 3919 Hugonis
893 3837 936 3900 de
954 3838 1137 3921 Repingal’,
1148 3837 1236 3915 lacta
1252 3838 1342 3919 prius
1358 3836 1571 3916 inquisitione

311 3961 371 4023 per
402 3941 451 4017 R,
484 3941 768 4004 Archidiaconum
803 3941 984 4019 Lincolnie,
1012 3964 1070 4025 per
1107 3963 1217 4024 quam,
1246 3952 1317 4017 etc,
1347 3940 1389 4003 ad
1427 3939 1569 4009 eandem

311 4044 478 4108 admissus
493 4054 552 4121 est,
571 4054 605 4107 et
630 4045 663 4107 in
685 4066 725 4107 ea
740 4047 899 4109 canonice
915 4068 1057 4129 persona
1078 4047 1257 4110 institutus,
1304 4045 1350 4107 Et
1373 4042 1569 4107 mandatum

311 4156 362 4211 est
378 4146 469 4211 dicto
488 4147 737 4211 Archidiacono
753 4158 798 4224 ut,
814 4158 874 4213 etc.
923 4150 1114 4231 lnjunctum
1138 4159 1189 4213 est
1212 4150 1313 4213 etiam
1337 4147 1494 4223 admisso,
1509 4146 1572 4209 sub

313 4250 427 4324 debito
455 4250 637 4333 juramenti
670 4253 806 4333 prestiti,
829 4253 918 4335 quod
949 4254 1057 4317 scolas
1081 4253 1268 4336 frequentet
1292 4263 1326 4323 et
1350 4250 1524 4327 addiscat„
1537 4259 1571 4314 et

313 4354 463 4417 maxime
478 4364 621 4417 cantare.

311 4518 402 4584 [Alan
412 4517 447 4570 de
456 4518 599 4581 Kirketon,
612 4519 750 4585 chaplain,
759 4522 910 4586 presented
922 4522 956 4590 by
971 4522 1102 4586 William,
1116 4523 1199 4576 monk
1215 4523 1250 4590 os
1262 4522 1452 4589 Bennington‚
1459 4524 1572 4588 prodor

376 4600 412 4667 os
428 4599 474 4653 tlte
495 4600 585 4653 Abbot
603 4602 639 4669 os
655 4602 788 4671 Sem'grny,
810 4605 837 4655 is
859 4605 1004 4659 instituted
1024 4607 1105 4659 vicar
1123 4608 1158 4675 os
1174 4607 1258 4675 Long
1279 4606 1468 4674 Bennington.
1514 4606 1571 4658 Tlre

377 4683 508 4751 vicarage
518 4684 544 4734 is
555 4682 709 4752 described]

400 4781 671 4867 [Buurnnron']
699 4786 1059 4852 V1caum.¹-Alanus
1089 4790 1131 4853 de
1163 4790 1347 4867 Kirketon’,
1370 4789 1569 4872 capellanus,

315 4896 524 4969 presentatus
540 4908 598 4969 per
608 4888 823 4967 Willelmum,
834 4893 1034 4956 monachum
1051 4893 1093 4956 de
1105 4894 1312 4975 Benington’,
1323 4904 1567 4976 procuratorem

591 5053 598 5081 ¹
614 5052 757 5120 Thelater
769 5055 843 5107 hand
857 5056 908 5109 has
920 5057 1013 5109 added
1027 5057 1149 5110 “dotatio
1160 5057 1283 5110 vicarie”.
