3550 5692
566 559 744 659 Episcopi
766 557 1049 635 [incolniensis.
1390 555 1435 653 85

179 803 349 884 Episcopi,
373 802 462 884 quod
487 823 572 864 unus
595 802 734 864 vicarius
758 801 945 884 proficiatur
967 801 1100 878 ibidem,
1122 811 1156 864 et
1178 801 1300 864 habeat
1322 822 1434 865 curam

177 906 366 968 animarum
399 906 431 967 in
459 915 598 987 utraque
627 906 793 988 parochia,
816 915 850 968 et
879 907 1013 968 nomine
1040 907 1160 969 vicarie
1188 906 1347 988 percipiat
1373 926 1433 968 sex

177 1010 345 1091 quarteria
369 1009 524 1071 frumenti
548 1009 734 1091 paccabilis
753 1019 787 1071 et
810 1010 872 1071 tria
896 1010 1061 1090 quarteria
1084 1009 1174 1072 ordei
1199 1008 1385 1091 paccabiliS,
1400 1019 1434 1072 et

177 1113 301 1176 habeat
321 1134 422 1175 unam
444 1134 589 1175 marcam
615 1114 743 1195 argenti
764 1135 822 1196 per
844 1134 970 1177 annum
991 1114 1033 1177 de
1053 1113 1151 1177 dictis
1172 1114 1283 1176 Priore
1302 1122 1336 1175 et
1356 1134 1432 1175 con-

176 1226 289 1292 ventu,
316 1216 501 1279 oblationes
532 1217 564 1278 in
597 1217 777 1298 majoribus
808 1217 1107 1300 solempnitatibus,
1137 1217 1261 1279 scilicet
1292 1217 1346 1298 ijd.
1378 1217 1433 1279 die

177 1320 341 1384 Omnium
359 1320 569 1395 Sanctorum,
584 1318 638 1382 die
655 1320 786 1383 Natalis
802 1342 871 1396 sex,
887 1320 930 1383 de
948 1320 1002 1383 die
1024 1321 1125 1383 Pasce
1145 1320 1216 1397 ivd,
1235 1319 1351 1383 diebus
1371 1319 1433 1383 ses-

175 1433 288 1486 torum
304 1423 516 1486 ecclesiarum
533 1423 666 1505 ijd,pro
682 1445 819 1506 corpore
836 1425 981 1507 presenti
995 1424 1050 1505 jd,
1060 1424 1093 1485 in
1110 1433 1249 1505 utraque
1262 1423 1433 1505 parochia3

176 1528 368 1611 quicunque
403 1526 617 1590 celebraverit
652 1528 787 1590 missam
826 1549 886 1610 pro
917 1527 1126 1609 sponsalibus
1159 1528 1213 1608 jd,
1244 1528 1432 1609 quicunque

175 1631 392 1694 celebraverit
409 1632 544 1693 missam
562 1631 594 1692 in
611 1640 750 1712 utraque
767 1632 932 1713 parochia,
942 1631 1095 1693 denarios
1111 1652 1155 1694 ex
1171 1630 1432 1693 confessionibus

175 1735 209 1797 in
235 1746 376 1817 utraque
399 1734 564 1817 parochia,
587 1734 770 1797 secundum
795 1733 941 1816 legatum
965 1756 1009 1797 ex
1033 1744 1172 1815 utraque
1196 1734 1351 1817 parochia
1359 1756 1366 1811 ;
1400 1743 1433 1797 et
1515 1795 1518 1803 ,

175 1840 240 1921 ipsi
270 1840 362 1901 Prior
391 1848 425 1901 et
454 1846 638 1900 conventus
669 1838 893 1919 procurabunt
923 1837 1104 1919 hospitium
1133 1836 1379 1912 Archidiaconi,
1398 1844 1432 1899 et

175 1952 287 2005 cetera
310 1963 420 2018 onera,
435 1952 505 2004 tam
529 1940 695 2004 ordinaria
718 1961 818 2022 quam
834 1940 1107 2016 extraordinaria,
1126 1940 1169 2002 de
1188 1940 1285 2004 dictis
1304 1940 1433 2002 duabus

176 2046 372 2108 matricibus
391 2045 537 2108 ecclesiis
557 2044 768 2107 sustinebunt
788 2044 820 2105 in
841 2054 1048 2126 perpetuum,
1063 2053 1096 2106 et
1113 2044 1246 2125 insuper
1265 2044 1434 2106 invenient

176 2150 301 2212 vicario
320 2149 498 2211 diaconum
520 2147 676 2210 idoneum
698 2148 731 2216 in
748 2148 887 2229 propriis
907 2147 1073 2229 expensis,
1088 2156 1121 2209 et
1138 2167 1291 2209 mansum
1308 2146 1432 2209 bonum

174 2263 209 2315 et
234 2262 436 2335 competens
498 2250 611 2314 Adam
639 2250 681 2313 de
706 2250 902 2313 Keddinton
926 2250 968 2313 ad
997 2250 1179 2332 predictam
1203 2250 1359 2313 vicariam
1387 2250 1433 2312 sic

175 2356 367 2419 ordinatam
384 2356 549 2418 admissus
565 2365 623 2417 est.
671 2356 715 2417 Et
731 2355 819 2417 valet
835 2355 956 2418 vicaria
972 2354 1003 2436 vj
1023 2376 1158 2417 marcas

179 2543 327 2608 [Nicholas
343 2543 377 2596 de
392 2543 542 2604 Burcestre,
557 2542 705 2609 presented
718 2542 750 2608 by
768 2542 813 2593 the
824 2542 911 2593 Pn'or
926 2540 987 2592 ond
1009 2540 1135 2593 Convent
1151 2542 1186 2608 os
1200 2540 1389 2609 Alvinglrom,
1408 2541 1432 2592 is

242 2624 388 2677 instituted
395 2626 475 2676 vr'cor
484 2626 519 2692 of
526 2624 614 2677 Sontle
628 2623 834 2691 Cocleerington.
872 2623 899 2674 T
894 2623 929 2675 lte
941 2624 1075 2690 vicoroge
1088 2623 1112 2673 is
1122 2622 1280 2686 described]

265 2737 490 2801 Cocnmrou
525 2736 582 2800 ST.
617 2734 914 2817 LEONARDE.-(c
946 2733 1150 2816 solidorum).
1198 2734 1357 2797 Nicholas
1389 2734 1431 2797 de

177 2842 354 2903 Burcestre
370 2840 412 2902 ad
434 2848 629 2922 perpetuam
650 2840 805 2901 vicariam
825 2839 914 2901 dicte
933 2838 1071 2901 ecclesie
1087 2859 1145 2919 per
1160 2837 1268 2899 dictos
1286 2838 1431 2901 Priorem

174 2955 209 3008 et
230 2954 433 3007 conventum
453 2944 496 3006 de
516 2942 740 3024 Alvingeham
756 2952 975 3025 presentatus
994 2950 1045 3005 est
1067 2940 1241 3018 admissus
1264 2951 1341 3018 etc.;
1368 2962 1432 3023 que

174 3046 330 3111 consistit
345 3048 378 3109 in
395 3056 467 3109 toto
483 3047 645 3128 altaragio
661 3056 769 3128 preter
782 3045 896 3122 linum,
906 3047 982 3109 etin
999 3066 1066 3108 uno
1082 3046 1249 3126 quarterio
1265 3045 1432 3121 frumenti,
1515 3076 1516 3079 ¹

174 3162 209 3215 et
227 3152 260 3213 in
274 3172 341 3213 uno
352 3150 519 3231 quarterio
529 3150 620 3213 ordei
632 3149 810 3231 paccabilis
822 3149 865 3213 de
876 3149 974 3212 dictis
986 3150 1097 3212 Priore
1107 3160 1141 3212 et
1150 3159 1317 3212 conventu
1328 3170 1432 3211 annu-

173 3256 259 3319 atim
274 3251 487 3336 recipiendis';
508 3253 680 3316 reddendo
696 3253 773 3317 inde
789 3254 961 3316 annuatim
974 3254 1072 3316 dictis
1084 3253 1186 3315 Priori
1202 3262 1236 3315 et
1252 3254 1430 3316 conventui

174 3358 356 3422 duodecim
367 3357 537 3433 denarios;
553 3366 587 3419 et
600 3358 662 3439 ipsi
674 3358 767 3419 Prior
775 3366 809 3419 et
819 3366 1002 3420 conventus
1013 3356 1239 3438 procurabunt
1248 3357 1430 3439 hospitium

172 3462 429 3537 -Archidiaconi,
444 3470 477 3524 et
493 3470 604 3524 cetera
619 3481 729 3537 onera,
744 3470 815 3536 etc,
830 3471 863 3523 et
879 3460 1102 3542 providebunt
1118 3459 1161 3522 de
1181 3459 1273 3523 tosto.
1321 3460 1366 3522 Et
1382 3469 1433 3523 est

175 3566 301 3630 vicaria
314 3566 415 3627 trium
434 3584 621 3627 marcarum
638 3575 671 3628 et
686 3585 727 3627 eo
742 3564 894 3646 amplius.
1233 3578 1235 3583 '

173 3737 212 3801 [A
215 3736 265 3788 lon
277 3736 311 3787 de
322 3735 490 3792 Keddinton,
498 3734 636 3802 ciroploin,
644 3734 792 3801 presented
800 3734 833 3797 bn
844 3735 890 3786 tlte
899 3734 965 3787 said
970 3734 1057 3786 Prior
1065 3734 1126 3785 ond
1132 3733 1259 3785 Convent
1267 3735 1303 3799 os
1309 3734 1335 3785 Α
1338 3734 1433 3801 lving-

240 3818 316 3875 nan
329 3818 354 3869 is
364 3816 511 3869 instituted
518 3816 598 3869 vicar
607 3818 642 3882 os
648 3816 835 3884 Keddington.
874 3817 931 3868 The
941 3818 1073 3883 vieoroge
1085 3815 1109 3867 is
1119 3814 1276 3882 described]

265 3919 596 4009 KEDDINTON.—(x
620 3928 828 4009 marcarum).
875 3926 1005 3989 Alanus
1020 3926 1063 3989 de
1080 3925 1287 4001 Keddinton,
1299 3928 1431 4008 cappel-

175 4035 282 4109 lanuS,
298 4032 340 4095 ad
362 4040 558 4113 perpetuam
578 4032 735 4093 vicariam
755 4032 845 4094 dicte
865 4030 1003 4093 ecclesie
1024 4050 1083 4111 per
1103 4027 1210 4092 dictos
1232 4029 1377 4091 Priorem
1398 4040 1432 4092 et

175 4144 379 4199 conventum
411 4134 454 4197 de
480 4133 704 4216 Alvingeham
732 4142 950 4215 presentatus,
975 4142 1026 4195 est
1056 4132 1231 4209 admissus,
1257 4141 1334 4209 etc.;
1365 4152 1431 4213 que

175 4238 330 4302 consistit
355 4238 387 4299 in
411 4245 485 4299 toto
507 4236 671 4319 altaragio
694 4246 804 4318 preter
827 4236 941 4313 linum,
961 4234 1131 4299 reddendo
1156 4234 1234 4297 inde
1257 4236 1430 4297 annuatim

174 4342 274 4405 dictis
304 4341 407 4402 Priori
434 4349 468 4402 et
496 4340 675 4402 conventui
706 4339 883 4402 duodecim
915 4340 1085 4415 denarios;
1117 4347 1151 4401 et
1182 4338 1244 4419 ipsi
1278 4338 1369 4399 Prior
1398 4348 1432 4401 et

174 4453 361 4508 conventus
373 4444 543 4507 invenient
555 4443 687 4519 toftum,
699 4453 732 4506 et
749 4443 972 4525 procurabunt
989 4442 1171 4524 hospitium
1183 4440 1431 4518 Archidiaconi,

174 4560 208 4613 et
224 4559 337 4613 cetera
352 4568 463 4623 onera,
477 4557 537 4610 etc.
585 4548 630 4609 Et
646 4557 697 4609 est
713 4546 835 4610 vicaria
850 4555 994 4627 quatuor
1010 4566 1203 4609 marcarum.

175 4720 298 4785 [Gilbert
311 4718 346 4770 de
367 4717 451 4780 Sr'xle,
470 4718 607 4785 cleoploin,
621 4717 770 4784 presented
788 4717 822 4783 by
837 4716 884 4768 the
904 4716 1047 4784 aforesaid
1065 4716 1153 4767 Prior
1173 4715 1234 4768 ond
1255 4715 1381 4770 Conveni
1399 4718 1435 4785 of

239 4800 427 4867 Alvinglrom,
436 4800 461 4851 is
469 4800 614 4851 instituted
620 4799 740 4865 vnerof
745 4798 829 4851 Lr'ttle
839 4798 1008 4864 Cototlroepe.
1041 4797 1431 4865 Tlrevicorogersdescribed.]

264 4901 596 4984 CALETHORP.—(iv
609 4902 818 4984 marcarum).
857 4901 1047 4965 Gilebertus
1060 4900 1102 4963 de
1115 4900 1218 4977 Sixle,
1231 4900 1432 4982 capellanus,

177 5009 219 5071 ad
237 5017 435 5089 perpetuam
452 5006 608 5070 vicariam
625 5006 713 5069 dicte
728 5005 867 5069 ecclesie
883 5026 942 5087 per
958 5005 1125 5087 predictos
1141 5004 1288 5067 Priorem
1304 5014 1338 5067 et
1353 5026 1431 5067 eon-
