3550 5692
586 597 766 705 Episcopi
787 606 1071 684 lincolnienses.
1417 636 1458 708 17

199 846 288 910 lacta
304 846 394 928 prius
411 846 626 930 inquisitione
638 868 698 930 per
708 848 746 930 J.,
757 848 1043 912 Archidiaconum
1058 849 1264 929 Bedefordie,
1275 872 1335 933 per
1346 873 1458 934 quam,

199 960 269 1028 etc,
285 950 328 1017 ad
348 951 490 1016 eandem
510 951 676 1016 admissus
699 962 835 1030 estete.
883 954 929 1018 Et
953 953 1206 1035 injunctum'est
1225 955 1317 1018 dicto
1335 957 1454 1020 Archiss

200 1052 351 1132 diacon0,
368 1056 524 1136 presenti,
541 1063 586 1132 ut,
601 1064 662 1120 ete.
1120 1069 1124 1074 '
1432 1067 1436 1073 '

649 1257 651 1261 ·
694 1230 834 1294 Annus
857 1227 967 1293 x1x⁰⁸·

199 1345 312 1412 [Robert
325 1345 359 1400 de
378 1345 561 1408 Ce'rencestria,
574 1346 743 1407 sub-deden,
754 1347 907 1415 presented
917 1346 1006 1415 hythe
1018 1347 1104 1400 Prior
1116 1350 1153 1416 es
1163 1348 1208 1401 tlte
1220 1348 1413 1417 Hospe'talkrs,
1432 1353 1457 1405 is

262 1426 409 1480 instituted
417 1432 444 1479 to
455 1427 500 1479 tlte
511 1427 611 1481 charde
623 1429 659 1496 of
664 1428 836 1498 Eversholt]

287 1537 582 1603 HEUERSHOLTE.
600 1576 642 1586 -—
658 1538 825 1602 Robertus
864 1539 907 1602 de
946 1539 1175 1617 Cirencestria,
1219 1541 1454 1621 subdiaconus,

197 1651 407 1723 presentatus
424 1662 482 1724 per
499 1643 650 1705 Fratrem
672 1643 710 1706 R.
728 1641 770 1706 de
792 1643 887 1718 Diva,
912 1643 1059 1706 Priorem
1086 1644 1273 1729 Hospitalis
1296 1645 1452 1727 Jheroso-

198 1743 339 1808 limitani
360 1746 393 1808 in
411 1744 545 1827 Anglia,
565 1745 607 1808 ad
624 1745 798 1810 ecclesiam
815 1746 857 1809 de
875 1745 1082 1824 Eversholte,
1099 1748 1186 1811 sacta
1207 1750 1297 1831 prius
1318 1751 1454 1833 inquisi-

198 1849 289 1913 tione
305 1871 363 1932 per
379 1850 580 1932 Johannem‚
599 1835 883 1913 Archidiaconum
902 1849 1109 1929 Bedelordie,
1125 1862 1159 1916 et
1176 1853 1323 1917 Radulfo
1340 1856 1458 1934 Pirrot,

196 1952 315 2016 ultimo
339 1963 465 2018 rectore
488 1953 649 2035 ejusdem,
673 1955 765 2017 omni
786 1953 851 2035 juri
875 1954 965 2035 quod
991 1955 1024 2016 in
1047 1975 1087 2018 ea
1110 1955 1227 2019 habuit
1248 1977 1307 2038 per
1327 1958 1453 2022 litteras

195 2077 272 2118 suas
303 2067 457 2139 patentes
486 2079 646 2142 expresse
677 2059 897 2135 renuntiante,
931 2079 990 2140 per
1019 2080 1085 2141 que
1117 2061 1290 2142 negotium
1323 2062 1385 2127 fuit
1420 2065 1454 2126 in

197 2161 367 2243 expedit0,
398 2161 440 2224 ad
472 2161 614 2226 eandem
645 2163 812 2226 admissus
843 2172 903 2238 est,
933 2171 969 2224 et
998 2163 1030 2224 in
1061 2184 1101 2226 ea
1128 2165 1287 2228 canonice
1315 2187 1458 2248 persona

197 2264 377 2330 institutus,
433 2266 478 2329 Et
510 2267 707 2329 mandatum
738 2276 790 2330 est
815 2265 906 2329 dicto
932 2264 1182 2348 Archidiacono
1213 2278 1250 2331 ut
1281 2270 1390 2351 ipsum
1421 2272 1454 2332 in

196 2369 401 2454 corporalem
419 2368 507 2434 dicte
523 2370 662 2434 ecclesie
678 2370 929 2452 possessionem
947 2369 1093 2434 inducat.

196 2604 307 2670 [nolet
323 2605 357 2658 ue
374 2605 476 2660 Sancte
495 2607 658 2668 Etmanes,
674 2607 812 2675 caeptam,
827 2591 978 2673 presented
993 2605 1026 2673 ey
1044 2605 1090 2658 de
1109 2605 1191 2658 nean
1209 2606 1270 2658 and
1288 2607 1411 2674 Chapter
1426 2609 1461 2676 os

260 2687 384 2748 Lincoln,
397 2689 421 2740 es
432 2689 578 2742 instituted
587 2694 614 2742 to
625 2689 670 2742 de
682 2687 783 2741 churclr
795 2689 830 2756 es
836 2689 876 2742 St.
891 2689 982 2756 Mery,
993 2687 1125 2756 Bedserd.
1159 2687 1187 2739 A
1194 2689 1315 2754 pension
1326 2690 1362 2756 os
1367 2706 1421 2742 eos.
1430 2691 1456 2742 is

200 2835 214 2862 a
261 2771 390 2826 resetved
398 2776 425 2824 to
436 2770 481 2824 the
495 2771 666 2847 conventos
673 2770 846 2839 Dunstable]

286 2872 472 2938 Eccnusm
493 2886 614 2936 sensu
637 2874 765 2936 Melum
783 2871 1254 2935 Bsonsonom.-Robertus
1270 2871 1312 2934 de
1323 2872 1456 2936 ¹Sancto

198 2976 392 3053 Edmundo,
417 2977 642 3059 cappellanus
667 2986 877 3059 presentatus
909 2997 968 3057 per
999 2976 1174 3038 Decanum
1205 2984 1240 3037 et
1270 2975 1455 3057 capitulum

199 3079 451 3144 Lincolnienses
482 3079 524 3144 ad
556 3081 731 3157 ecclesiam
756 3080 853 3144 beate
885 3080 993 3143 Marie
1020 3078 1227 3155 Bedelordie,
1250 3079 1338 3149 sacta
1362 3081 1454 3162 prius

197 3183 415 3265 inquisitione
441 3205 502 3267 per
527 3186 565 3267 J.,
582 3184 866 3248 Archidiaconum
889 3183 1096 3260 Bedefordie,
1112 3204 1171 3265 per
1190 3204 1300 3264 quam,
1316 3192 1387 3260 etc,
1410 3185 1453 3248 ad

196 3286 340 3350 eandem
372 3287 538 3352 admissus
565 3298 617 3353 est
641 3310 716 3352 cum
741 3308 841 3351 onere
864 3298 898 3351 et
922 3308 1008 3369 pena
1031 3287 1238 3365 vicariorum,
1262 3296 1333 3365 etc,
1356 3288 1456 3351 salvis

197 3390 302 3453 Priori
324 3399 358 3454 et
378 3393 556 3457 conventui
577 3391 621 3456 de
642 3391 864 3474 Dunestaplia
884 3388 954 3453 xxti
969 3389 1085 3453 solidis
1108 3390 1150 3453 de
1172 3389 1291 3453 eadem
1314 3391 1454 3456 ecclesia

196 3514 255 3575 per
279 3515 417 3558 manum
442 3498 586 3560 rectoris·
604 3495 757 3577 ejusdem
780 3495 956 3559 annuatim
980 3495 1012 3557 in
1033 3493 1163 3556 duabus
1184 3493 1322 3576 synodis
1347 3495 1454 3559 Bede-

196 3597 302 3661 lordie
333 3599 470 3663 nomine
502 3599 655 3664 beneficii
687 3598 917 3682 percipiendis.
979 3598 1025 3661 Et
1056 3597 1253 3660 mandatum
1283 3607 1335 3661 est
1364 3599 1456 3663 dicto

198 3699 455 3766 Archidiacono

758 3779 889 3793 -ι-

198 3869 344 3938 [Nicbolas
361 3871 395 3924 de
413 3871 583 3942 Kingesbiri,
599 3873 708 3929 deacon.
717 3872 867 3942 presented
877 3872 910 3941 by
920 3871 1020 3940 Henry
1030 3871 1064 3923 de
1077 3869 1216 3933 Braibroc,
1229 3871 1254 3922 is
1268 3853 1415 3924 elestitrtted
1429 3878 1456 3926 to

261 3954 306 4007 tlte
317 3954 418 4008 clmrclt
429 3955 465 4021 o's
476 3956 583 4009 Sutton.
622 3956 648 4007 T
645 3955 678 4008 lte
689 3957 819 4023 vicarage
831 3955 855 4006 is
866 3952 997 4007 resermed
1005 3958 1032 4005 to
1045 3953 1151 4013 Robert,
1164 3951 1369 4030 thecleaplee'nJ
1446 3955 1451 3973 ³

286 4056 710 4122 sumone-nicholaus
740 4057 783 4120 de
814 4055 1016 4139 Kingesbiri,
1046 4052 1215 4130 diaconus,
1245 4063 1455 4133 presentatus

197 4179 256 4240 per
277 4158 461 4222 Henricum
485 4160 528 4223 de
556 4160 713 4223 Braibroc
738 4159 781 4238 ad
808 4153 982 4224 ecclesiam
1008 4158 1051 4220 de
1078 4157 1230 4232 Suttone,
1252 4155 1340 4220 lacta
1365 4158 1456 4239 prius

197 4261 412 4343 inquisitione
433 4283 493 4344 per
512 4263 550 4345 J.,
576 4263 860 4326 Archidiaconum
885 4260 1091 4336 Bedelordie,
1114 4279 1173 4341 per
1193 4280 1303 4340 quam,
1321 4269 1392 4337 etc,
1413 4261 1455 4324 ad

196 4365 338 4430 eandem
360 4364 526 4428 admissus
542 4376 612 4444 est;
635 4366 727 4429 salva
744 4365 903 4441 Robert0,
920 4363 1126 4446 cappellano,
1142 4363 1264 4425 vicaria
1279 4383 1340 4425 sua
1354 4383 1455 4445 quam

196 4469 298 4533 habet
314 4469 347 4532 in
364 4469 490 4532 eadem.
537 4471 681 4534 Vacavit
698 4480 810 4533 autem
829 4470 894 4534 ista
909 4467 1049 4532 ecclesia
1064 4487 1104 4530 eo
1120 4466 1209 4548 quod
1227 4466 1390 4548 Magister
1405 4467 1456 4545 A,

197 4573 254 4657 qui
278 4594 353 4638 eam
379 4574 497 4638 ultimo
524 4575 641 4652 tenuit,
665 4575 755 4639 aliud
781 4575 907 4657 recepit
932 4571 1151 4637 beneficium:
1185 4569 1231 4633 Et
1258 4570 1454 4636 mandatum

198 4685 249 4740 est
265 4676 355 4741 dicto
372 4675 621 4741 Archidiacono
636 4688 681 4756 ut,
696 4689 758 4743 etc.
844 4696 846 4700 ·

197 4870 332 4936 [Thomas
349 4870 384 4924 de
395 4871 589 4941 Dumsteple'a,
607 4872 744 4942 chaplain,
760 4872 910 4941 presented
926 4871 960 4940 by
978 4871 1023 4923 tlte
1038 4869 1157 4923 Warden
1169 4869 1205 4937 os
1216 4867 1261 4922 the
1276 4866 1411 4936 Hospita!
1426 4871 1463 4936 of

262 4953 407 5022 Hockle'ffe,
420 4955 445 5006 is
455 4954 603 5008 instituted
611 4961 638 5009 to
649 4956 694 5009 tlte
705 4955 805 5010 durch
816 4955 852 5024 os
862 4953 1021 5021 Heckliffe.]

287 5055 693 5122 HOCKLIVE.-Thomas
712 5058 754 5126 de
777 5055 1009 5149 Dunestaplia,
1029 5052 1231 5147 capellanus
1246 5060 1457 5135 presentatus

263 5163 333 5222 Vol..
346 5163 396 5222 ΙΙΙ.
1374 5174 1393 5224 9
