3550 5692
580 550 758 647 Episcopi
790 550 1076 625 Lincoluzensis.
1388 574 1454 645 155

202 783 335 851 [Thomas
361 784 395 837 de
420 784 563 855 Willegby,
585 785 755 848 subdeacnn,
772 784 923 853 presented
948 784 981 853 by
1004 783 1108 847 Robert,
1131 800 1182 837 son
1211 784 1247 851 of
1269 784 1393 837 Wlliam
1423 785 1457 837 de

271 866 411 935 Wllegby,
422 868 499 935 after
513 883 531 919 a
548 868 657 935 dispute
673 868 757 920 about
771 868 817 920 ttre
829 871 996 935 patrouage,
1012 868 1037 919 is
1051 866 1197 919 instituted
1210 872 1237 919 to
1252 866 1298 919 tie
1314 866 1414 919 cirurctr
1426 866 1463 933 of

271 948 465 1017 Wulougntyq

287 1050 717 1115 WYLEWEBY.—Th0mas
733 1051 775 1115 de
788 1051 968 1133 Willegby,
979 1050 1212 1126 subdiaconus
1222 1061 1301 1113 tunc
1314 1071 1458 1132 persona

200 1152 242 1215 de
267 1153 518 1227 Cumberwrth’,
542 1166 753 1238 presentatus
783 1176 842 1237 per
874 1155 1070 1233 Robertum‚
1096 1152 1200 1217 lilium
1226 1153 1386 1217 Willelmi
1413 1155 1458 1218 de

200 1256 377 1339 Willegby,
394 1258 437 1321 ad
461 1258 635 1322 ecclesiam
661 1260 704 1323 de
731 1259 910 1341 Willegby,
926 1258 1015 1323 sacta
1040 1259 1130 1339 prius
1159 1258 1373 1340 inquisitione
1398 1280 1459 1340 per

201 1361 249 1437 R,
280 1361 564 1426 Archidiaconum
597 1363 779 1439 Lincolnie,
809 1374 844 1426 et
874 1363 1015 1444 receptis
1046 1362 1163 1425 litteris
1193 1361 1321 1425 domini
1353 1363 1457 1444 Regis

190 1467 447 1531 ¹continentibus
471 1468 560 1550 quod
592 1468 759 1551 predictus
792 1470 842 1545 R,
866 1489 979 1531 coram
1002 1467 1194 1550 justiciariis
1225 1468 1314 1550 apud
1345 1468 1457 1531 West-

199 1572 436 1634 monasterium
482 1593 541 1655 per
579 1572 880 1636 considerationem
922 1572 1075 1654 ejusdem
1117 1572 1206 1635 curie
1251 1573 1457 1654 recuperavit

198 1677 480 1755 presentationem
518 1676 561 1740 ad
600 1677 784 1759 predictam
823 1677 998 1740 ecclesiam
1029 1696 1144 1739 versus
1175 1674 1382 1739 Willelmum
1413 1676 1458 1739 de

199 1777 392 1862 Scotengni,
415 1781 503 1844 unde
526 1781 639 1857 assisa,
661 1790 731 1857 etc,
754 1790 789 1843 et
811 1781 900 1844 unde
924 1780 1012 1842 idem
1038 1780 1089 1842 W.
1114 1779 1237 1842 ibidem
1264 1780 1456 1861 recognovit

198 1882 288 1964 quod
310 1882 391 1945 nihil
415 1883 575 1946 clamaret
600 1885 632 1945 in
658 1884 730 1966 ipsa
757 1884 1006 1965 presentatione
1037 1883 1099 1944 nisi
1127 1883 1302 1945 occasione
1329 1882 1381 1944 W.
1399 1881 1456 1944 filii

200 1986 365 2068 Hugonis,
387 1977 601 2070 primogeniti
625 1987 734 2050 fratris
757 1987 898 2069 predicti
924 1987 973 2062 R,
988 1986 1044 2067 qui
1069 1986 1150 2048 nihil
1174 1986 1275 2049 habet
1298 1985 1340 2048 de
1364 1986 1456 2048 here-

198 2089 302 2154 ditate
319 2091 380 2168 W,
396 2092 499 2173 patris
516 2092 618 2173 ipsius
636 2092 683 2167 R,
696 2111 755 2173 per
770 2111 844 2172 que,
858 2099 930 2165 e'tc,
943 2089 985 2152 ad
999 2088 1141 2152 eandem
1159 2089 1325 2152 admissus
1341 2100 1400 2164 est,
1422 2099 1456 2151 et

198 2194 260 2256 sub
283 2214 370 2275 pena
394 2195 542 2269 Concilii,
565 2206 626 2257 etc.
682 2194 727 2259 Et
750 2194 937 2275 injunctum
961 2203 1013 2256 est
1029 2191 1284 2267 Archidiaeono,
1301 2192 1457 2273 presenti,

199 2308 244 2374 ut,
260 2308 321 2360 etc.
412 2367 415 2386 Ι

199 2474 301 2542 [Hugh
313 2474 346 2527 de
360 2474 460 2533 Caster,
472 2474 610 2541 ciapleiu,
623 2474 773 2539 presented
788 2473 821 2541 by
835 2473 880 2525 the
894 2472 983 2525 Attot
992 2472 1053 2525 aud
1070 2471 1196 2524 Conveut
1214 2472 1250 2538 eff
1256 2470 1417 2549 ll'ewlronse,
1432 2471 1458 2521 is

263 2555 408 2608 instituted
415 2556 495 2607 vicar
503 2556 539 2622 of
544 2556 578 2607 K
574 2555 773 2623 illingttolme.]

285 2660 448 2723 V1cAR1A
472 2673 521 2720 ou
546 2657 994 2739 munemne-nugo
1018 2656 1060 2719 de
1084 2656 1209 2731 Caster,
1231 2654 1457 2737 cappellanus,

199 2772 408 2845 presentatus
440 2783 498 2844 per
521 2762 691 2824 Abbatem
715 2771 749 2824 et
776 2771 978 2824 conventum
1003 2760 1046 2823 de
1070 2760 1209 2822 Neuhus
1232 2760 1274 2823 ad
1299 2758 1455 2821 vicariam

198 2864 336 2926 ecclesie
366 2863 409 2926 de
440 2861 681 2944 Kilvingholm’
711 2882 771 2943 per
806 2860 981 2923 dominum
1015 2860 1220 2941 Episcopum
1259 2858 1458 2921 auctoritate

129 3037 132 3044 ,
201 2968 339 3033 Concilii
356 2966 553 3042 ordinatam,
569 2975 607 3028 ut
628 2966 660 3027 in
680 2965 789 3027 rotulo
805 2965 1011 3039 vicariarum,
1027 2963 1114 3026 sacta
1131 2963 1221 3044 prius
1242 2963 1459 3044 inquisitione

200 3092 259 3154 per
290 3073 338 3147 R,
370 3071 654 3133 Archidiaconum
695 3069 877 3144 Lincolnie,
908 3089 967 3151 per
997 3088 1107 3149 quam,
1137 3077 1208 3143 etc,
1239 3067 1281 3129 ad
1313 3065 1455 3129 eandem

170 3174 365 3238 ·admissus
402 3184 462 3251 est,
499 3184 571 3250 etc,
608 3193 684 3236 cum
722 3194 823 3236 onere
860 3182 894 3234 et
933 3192 1021 3255 pena
1058 3172 1265 3246 vicariorum,
1303 3181 1363 3233 etc.
1412 3170 1458 3232 Et

201 3279 387 3359 injunctum
403 3288 454 3341 est
471 3277 727 3361 ArchidiaconO,
743 3276 898 3359 presenti,
914 3286 959 3351 ut,
975 3286 1035 3339 etc.

201 3465 320 3533 [Gilbert
328 3466 361 3517 de
377 3465 494 3524 Weston
506 3464 673 3522 subdeacon.
681 3462 830 3529 presented
839 3462 872 3529 by
887 3462 933 3514 tiu
944 3462 1031 3513 Prior
1040 3460 1101 3513 and
1117 3460 1287 3527 Conventus
1298 3460 1456 3521 Trentium,

265 3548 368 3615 Stnffs..
381 3548 405 3599 is
416 3546 561 3598 instituted
570 3550 597 3597 to
608 3546 654 3597 the
665 3545 780 3612 mediety
790 3544 877 3611 ostie
888 3543 989 3596 cirurch
1002 3543 1037 3610 of
1043 3542 1201 3609 Belclrford
1213 3542 1304 3595 wirici
1316 3542 1417 3594 Robert
1425 3541 1459 3592 de

271 3629 442 3695 Wadiugton
453 3626 513 3679 trad
521 3626 604 3694 held]

289 3730 525 3791 BsLTusouu’
561 3726 978 3808 nummis-Magister
1018 3726 1188 3790 Gilbertus
1225 3725 1268 3788 de
1299 3724 1458 3800 Weston',

202 3834 435 3909 subdiaconus
451 3841 660 3914 presentatus
684 3852 743 3914 per
759 3831 906 3893 Priorem
929 3840 962 3893 et
986 3839 1188 3892 conventum
1205 3829 1247 3892 de
1263 3828 1456 3891 Trentham’

201 3937 243 4000 ad
272 3938 363 4000 illam
392 3936 607 3999 medietatem
634 3934 772 3998 ecclesie
798 3934 842 3996 de
873 3933 1059 3997 Beltesford
1088 3954 1188 4016 quam
1222 3933 1388 3996 Robertus
1415 3932 1459 3995 de

202 4041 420 4123 Wadington'
435 4041 554 4103 ultimo
570 4050 732 4117 tenuerat,
748 4040 836 4102 facta
852 4040 942 4121 prius
965 4039 1177 4120 inquisitione
1199 4058 1256 4119 per
1273 4038 1322 4113 R,
1339 4037 1457 4100 Archi-

202 4146 380 4209 diaconum
402 4144 583 4219 Lincolnie,
599 4164 658 4226 per
676 4163 788 4224 quam,
809 4153 880 4217 etc,
901 4142 944 4205 ad
966 4142 1108 4205 eandem
1130 4140 1295 4204 admissus
1318 4150 1378 4217 est,
1396 4151 1457 4203 etc.

204 4250 248 4313 Et
271 4249 458 4329 injunctum
474 4257 526 4311 est
545 4246 654 4310 eidem
677 4246 724 4322 G,
741 4246 803 4309 sub
818 4246 933 4309 debito
951 4245 1130 4326 juramenti
1150 4245 1287 4327 prestiti,
1303 4265 1345 4306 ne
1360 4243 1459 4306 dictis

203 4353 308 4417 Priori
333 4363 367 4416 et
392 4352 559 4414 canonicis
584 4350 626 4413 de
650 4351 810 4431 pensione
837 4350 943 4431 petita
968 4348 1191 4431 responderet,
1214 4348 1320 4411 donec
1346 4367 1456 4410 coram

203 4456 340 4519 domino
365 4455 534 4537 Episcopo
557 4454 730 4517 docuerint
754 4475 828 4517 eam
855 4453 1005 4517 debitam
1030 4474 1102 4515 esse
1125 4462 1159 4515 et
1186 4452 1365 4534 antiquam.
1414 4451 1459 4514 Et

203 4560 390 4642 injunctum
406 4567 457 4622 est
472 4557 563 4620 dicto
579 4557 835 4632 ArchidiaconO,
852 4557 1006 4638 presenti,
1022 4565 1067 4633 ut,
1083 4566 1144 4619 etc.

204 4729 350 4798 [Wlliam.
363 4727 501 4795 etraplaiu.
512 4726 657 4793 presented
665 4727 698 4794 by
709 4726 754 4779 ttre
765 4726 923 4778 Abierant
934 4725 1059 4779 Convent
1073 4727 1108 4793 of
1117 4724 1261 4793 Croyland,
1275 4724 1299 4776 is
1315 4723 1463 4776 instituted

267 4818 296 4864 to
306 4810 352 4864 tlte
361 4809 462 4862 churdr
473 4810 509 4877 of
514 4809 686 4877 Ingotdsiul

293 4901 766 4977 INGOLDEBv.-Willelmus,
794 4900 986 4983 capellanus
1020 4899 1141 4962 vicarie
1171 4898 1213 4963 de
1248 4897 1460 4982 Engoldeby,

207 5016 417 5090 presentatus
447 5026 505 5088 per
530 5005 700 5069 Abbatem
731 5016 765 5069 et
795 5013 998 5067 conventum
1029 5003 1072 5067 de
1103 5002 1260 5067 Croiland
1286 5002 1329 5065 ad
1357 5002 1460 5084 ipsius
