3550 5692
347 562 416 631 180
685 558 820 631 Rotulz'
844 558 1020 656 Hugone's
1045 558 1088 633 de
1123 558 1255 631 Welles

344 793 498 863 [Jamesde
515 794 619 858 Nevill,
630 794 798 857 Macen,
805 794 955 862 presented
971 794 1005 863 by
1022 794 1113 863 Hugh
1130 794 1165 847 de
1185 794 1289 852 Neuill.
1301 794 1327 847 is
1345 794 1493 847 instituted
1507 799 1534 847 to
1553 793 1601 847 tte

409 876 509 929 churcle
520 876 556 944 os
564 876 693 945 Gayten.]

431 987 798 1071 GEYTON’.—Jacobus
822 989 865 1054 de
893 988 1020 1066 Nevill',
1045 988 1277 1066 subdiaconus,
1304 999 1514 1071 presentatus
1540 1008 1601 1070 per

346 1092 526 1176 Hugonem
542 1093 585 1156 de
609 1093 728 1157 Nevill’
744 1093 787 1157 ad
810 1094 984 1157 ecclesiam
1006 1092 1049 1157 de
1069 1094 1220 1177 Geyton’,
1236 1094 1326 1157 lacta
1349 1094 1440 1176 prius
1463 1093 1600 1174 inquisi-

344 1196 434 1261 tione
453 1217 511 1279 per
534 1197 583 1273 R,
600 1196 882 1261 Archidiaconum
905 1198 1085 1274 Lincolnie,
1102 1218 1161 1280 per
1177 1218 1287 1281 quam,
1303 1208 1374 1273 etc,
1393 1197 1436 1260 ad
1455 1196 1599 1264 eandem

343 1299 507 1364 admissus
536 1310 597 1377 est,
622 1311 693 1377 etc,
717 1300 779 1364 sub
810 1321 897 1384 pena
927 1300 1075 1365 Concilii.
1123 1302 1168 1365 Et
1194 1301 1382 1383 injunctum
1407 1311 1458 1364 est
1488 1297 1599 1364 eidem

346 1404 600 1481 Archidiacono,
617 1405 770 1487 presenti,
786 1415 832 1482 ut,
848 1415 909 1469 etc.
1562 1420 1564 1427 '

344 1555 499 1623 [Robertde
514 1555 630 1618 Wakerl,
643 1556 780 1623 chaplain,
788 1556 938 1624 presented
954 1556 987 1623 by
998 1556 1044 1609 tlte
1054 1554 1144 1609 Abbot
1161 1555 1222 1607 and
1242 1555 1369 1608 Conveni
1383 1556 1420 1619 os
1428 1554 1562 1623 Grimsby,
1575 1556 1601 1607 is

406 1637 550 1691 instituted
557 1638 680 1705 ue'carof
689 1637 823 1690 Cabourn.
861 1638 918 1689 The
928 1639 1060 1705 vetarage
1072 1638 1097 1689 is
1108 1636 1267 1703 desm'bcd.]

429 1747 635 1831 [K]ABURN'
655 1746 1059 1811 V1CAR1A.¹-Robertus
1074 1746 1117 1811 de
1140 1746 1293 1824 Wakerl’,
1309 1747 1509 1829 capellanus,
1526 1768 1599 1831 pre-

342 1861 492 1915 sentatus
515 1872 574 1933 per
598 1851 766 1914 Abbatem
790 1860 824 1914 et
847 1860 1049 1914 conventum
1069 1850 1112 1915 de
1136 1850 1314 1933 Grimesby
1333 1850 1376 1914 ad
1401 1861 1598 1935 perpetuam

343 1956 497 2018 vicariam
525 1955 663 2017 ecclesie
687 1954 730 2017 de
756 1954 916 2032 Kaburn’,
931 1976 1007 2017 cum
1035 1956 1149 2018 omnia
1173 1964 1285 2019 essent
1309 1956 1342 2018 in
1367 1956 1540 2037 expedit0,
1554 1956 1599 2019 ad

341 2059 483 2122 eandem
499 2058 664 2122 admissus
676 2068 735 2135 est,
745 2068 816 2135 etc,
826 2080 902 2121 cum
919 2080 1018 2122 onere
1031 2068 1064 2122 et
1081 2079 1168 2141 pena
1177 2060 1382 2122 vicariorum.
1429 2060 1600 2137 Consistit,

342 2174 463 2240 autem,
479 2148 551 2244 ipsa
567 2164 688 2226 vicaria
704 2164 738 2225 in
754 2172 827 2226 toto
843 2163 1013 2245 altaragi0,
1026 2173 1060 2226 et
1076 2163 1108 2225 in
1126 2164 1262 2225 minutis
1278 2162 1417 2226 decimis
1431 2162 1474 2226 ad
1486 2157 1599 2246 ipsam

341 2267 513 2331 ecclesiam
554 2267 796 2349 pertinentibus
835 2288 911 2330 cum
951 2288 1068 2330 manso
1105 2268 1319 2349 competenti,
1351 2278 1385 2331 et
1423 2269 1456 2331 in
1494 2267 1599 2331 tribus

343 2371 473 2434 bovatis
495 2382 581 2434 terre
596 2381 630 2434 et
650 2371 790 2434 dimidia
809 2393 852 2435 ex
872 2392 940 2434 una
963 2381 1057 2453 parte
1073 2371 1157 2447 ville,
1173 2382 1207 2435 et
1230 2370 1334 2434 tribus
1358 2370 1488 2435 bovatis
1515 2381 1600 2434 terre

343 2485 377 2538 et
400 2474 540 2539 dimidia
562 2495 606 2538 ex
630 2476 734 2537 altera
764 2496 839 2538 cum
863 2473 1020 2537 omnibus
1049 2496 1163 2539 earum
1191 2474 1408 2555 pertinentiis
1431 2474 1533 2537 literis
1557 2473 1599 2536 ab

343 2579 434 2641 omni
451 2579 589 2643 seculari
605 2580 783 2642 exactione
793 2589 827 2642 et
843 2600 863 2641 a
879 2579 1083 2662 prestatione
1093 2578 1298 2641 decimarum
1312 2578 1453 2660 quietus,
1500 2578 1599 2655 Dicti,

343 2711 429 2766 ver0,
447 2690 563 2753 Abbas
579 2701 613 2753 et
628 2700 812 2754 conventus
828 2691 942 2753 omnia
958 2691 1044 2754 illius
1059 2691 1196 2754 ecclesie
1212 2701 1372 2774 perpetuo
1388 2690 1599 2754 sustinebunt

343 2805 453 2877 preter
487 2815 571 2857 onus
609 2794 821 2875 parrochiale.
868 2795 913 2857 Et
951 2794 1139 2875 injunctum
1176 2804 1227 2857 est
1265 2794 1314 2871 R.,
1353 2793 1599 2857 Archidiacono

344 2898 526 2976 Lincolnie,
542 2899 696 2981 presenti,
713 2907 758 2974 ut,
774 2908 834 2962 etc.

342 3047 498 3118 [Regenald
508 3049 542 3102 de
554 3048 726 3111 Seinesbin'a,
738 3047 908 3109 neb-deam,
916 3050 1065 3115 presented
1077 3048 1166 3117 hythe
1176 3049 1210 3100 K
1207 3049 1344 3117 negent
1340 3050 1467 3117 emplars,
1481 3050 1507 3101 is
1522 3050 1598 3102 insti

407 3130 484 3184 tuted
497 3137 524 3183 to
535 3131 580 3183 tire
591 3129 691 3183 cteurch
702 3131 737 3197 os
743 3129 929 3198 Meningsby]

428 3240 977 3326 [M1]TH1NGESB’.—Reginaldus
993 3241 1036 3304 de
1053 3242 1262 3319 Seinesbiria,
1278 3241 1511 3319 subdiaconus,
1528 3263 1597 3327 pre-

342 3356 492 3409 sentatus
522 3366 581 3427 per
612 3345 761 3408 Fratrem
801 3345 986 3408 Robertum
1018 3345 1060 3409 de
1092 3346 1277 3422 Sandsord',
1308 3356 1480 3428 gerentem
1511 3348 1597 3410 vices

344 3450 496 3532 Magistri
521 3448 642 3512 Militie
665 3448 797 3532 Templi
822 3450 855 3511 in
881 3449 1016 3531 Anglia,
1039 3449 1081 3512 ad
1112 3450 1284 3513 ecclesiam
1308 3450 1350 3513 de
1375 3451 1598 3534 Mithingesb',

342 3553 430 3616 sacta
467 3553 557 3635 prius
595 3552 809 3633 inquisitione
839 3573 899 3635 per
931 3553 979 3629 R,
1013 3552 1296 3616 Archidiaconum
1330 3554 1510 3631 Lincolnie,
1540 3550 1598 3637 per'

341 3678 452 3739 quam,
466 3666 537 3732 etc,
553 3655 595 3718 ad
615 3655 757 3718 eandem
779 3654 945 3719 admissus
962 3666 1021 3733 est,
1037 3667 1097 3719 etc.
1144 3656 1190 3719 Et
1209 3657 1395 3738 injunctum
1417 3668 1467 3721 est
1488 3658 1596 3721 eidem

343 3743 599 3838 Archidiacono,
615 3762 771 3843 presenti,
787 3771 832 3837 ut,
847 3770 908 3823 etc.

341 3910 477 3979 [Richard
486 3911 520 3963 de
532 3911 660 3972 Stretton,
672 3910 840 3973 ntideaeon,
848 3910 997 3977 presented
1006 3910 1095 3979 hythe
1105 3910 1193 3963 Prior
1200 3911 1262 3964 and
1273 3911 1398 3964 Conveni
1406 3912 1442 3981 os
1448 3912 1598 3980 Spalding,

406 3994 431 4045 is
440 3992 587 4045 instituted
594 3997 622 4044 to
631 3991 777 4056 emediety
788 3991 824 4059 os
829 3991 875 4044 ene
886 3991 988 4044 chureii
999 3994 1035 4061 os
1041 3992 1211 4061 Belctesord]

429 4093 941 4176 [BEUTESF]0RD'.-Ricardus
961 4093 1004 4157 de
1026 4094 1194 4171 Stretton’,
1213 4093 1445 4171 subdiaconus
1465 4116 1602 4183 presen*

343 4207 448 4261 tatus·
463 4218 523 4280 per
554 4198 700 4259 Priorem
730 4208 764 4261 et
794 4208 997 4261 conventum
1028 4198 1070 4261 de
1101 4198 1274 4281 Spalding’
1305 4199 1348 4263 ad
1382 4199 1596 4263 medietatem

341 4301 479 4364 ecclesie
508 4300 551 4363 de
583 4300 796 4377 Beutesford’,
828 4301 917 4363 sacta
947 4302 1036 4383 prius
1069 4302 1282 4382 inquisitione
1313 4323 1371 4384 per
1402 4303 1451 4379 R,
1479 4292 1597 4366 Archi-

342 4405 520 4468 diaconum
543 4404 724 4481 Lincolnie,
740 4426 799 4487 per
817 4426 929 4486 quam,
949 4416 1020 4482 etc.,
1040 4405 1082 4468 ad
1109 4405 1249 4469 eandem
1271 4407 1436 4469 admissus
1455 4415 1515 4485 est,
1536 4417 1597 4471 etc.

345 4509 390 4571 Et
406 4508 592 4590 injunctum
609 4518 659 4571 est
675 4518 712 4570 ut
728 4529 835 4590 supra.

342 4664 486 4733 [Ranulpir
498 4664 532 4717 de
543 4664 701 4732 Skendelhy,
714 4664 853 4732 cnaplain,
864 4665 1014 4732 presented
1027 4665 1061 4734 by
1077 4666 1201 4719 William
1212 4666 1246 4720 de
1256 4668 1286 4718 F
1283 4666 1409 4733 alestorp,
1420 4668 1446 4728 is
1456 4667 1599 4721 instituted

406 4751 433 4798 to
444 4745 489 4798 tlte
500 4745 600 4799 chureii
611 4746 647 4813 of
653 4746 693 4799 St.
705 4746 862 4815 Margaret,
875 4746 1052 4815 Dexttorpe.]

429 4847 930 4931 [DREXTORP’.]-Ranulphus
954 4848 996 4913 de
1020 4838 1223 4933 Skendelby,
1244 4850 1443 4933 capellanus,
1465 4871 1594 4934 presen-

342 4977 546 4983 -—-.—.--—
565 4977 1288 4986 ——ss———W
1505 4980 1589 4987 ...-—-

634 5020 643 5049 ¹
657 5020 718 5072 The
731 5022 799 5072 later
812 5019 884 5072 hand
898 5022 947 5075 has
960 5021 1052 5075 added
1065 5022 1181 5074 “vicarie
1192 5022 1304 5090 portio.”
