3550 5692
304 540 372 609 124
649 517 785 591 Rutuli
791 516 977 615 ¹Hugo'nz's
1003 518 1047 591 de
1074 516 1205 591 Welles

296 752 474 821 [Alexander
481 752 516 806 de
526 752 616 811 Stohe.
626 752 705 813 clerte,
712 752 862 819 presented
876 752 910 819 by
921 752 968 805 the
978 752 1081 805 Atbess
1091 752 1152 805 and
1163 751 1289 805 Conveni
1296 753 1332 821 os
1342 752 1517 809 Winchester,
1529 752 1555 804 is

362 833 509 887 instituted
517 838 544 886 to
555 833 600 886 the
610 832 711 886 church
721 837 758 900 of
766 832 905 900 Gretsord.
945 833 1002 885 The
1008 835 1128 901 pensiore
1140 834 1164 885 is
1175 833 1306 886 reservet
1314 838 1342 887 to
1353 833 1398 885 the
1410 833 1514 901 Nuus]

384 944 853 1009 GRETFORD’.-Alexander
881 945 925 1008 de
956 944 1060 1021 Stok’,
1083 944 1229 1021 clericus,
1252 953 1462 1027 presentatus
1493 965 1553 1026 per

300 1047 517 1111 Abbatissam
536 1057 570 1112 et
589 1047 751 1111 moniales
766 1048 939 1111 Wintonie
959 1048 1001 1111 ad
1017 1048 1191 1112 ecclesiam
1211 1048 1254 1111 de
1275 1047 1450 1123 Gretiord’,
1466 1047 1555 1113 sacta

299 1152 389 1233 prius
404 1152 618 1233 inquisitione
633 1171 692 1233 per
711 1150 773 1227 W„
790 1151 1074 1215 Archidiaconum
1093 1151 1276 1227 Lincolnie,
1291 1161 1362 1228 etc,
1378 1161 1412 1214 et
1427 1151 1549 1215 eodem

299 1254 498 1318 Alexandro
517 1255 607 1337 prius
625 1255 659 1317 in
679 1254 921 1318 subdiaconum
939 1276 998 1335 per
1013 1254 1187 1318 dominum
1207 1253 1478 1317 Londoniensem
1503 1275 1555 1316 or·

296 1358 423 1435 dinato,
438 1358 604 1421 admissus
618 1368 678 1433 est,
693 1368 727 1422 et
743 1378 885 1441 persona
905 1359 1095 1436 institutus;
1124 1358 1218 1422 salva
1233 1358 1332 1422 dictis
1350 1357 1552 1421 monialibus

296 1462 340 1526 de
359 1462 477 1526 eadem
497 1462 637 1527 ecclesia
655 1464 823 1545 pensione,
843 1464 869 1525 si
890 1483 991 1544 quam
1013 1462 1229 1544 probaverint
1249 1481 1325 1526 esse
1344 1461 1499 1525 debitam
1521 1472 1555 1525 et

298 1566 479 1648 antiquam.
530 1567 722 1647 lnjunctum
749 1576 801 1629 est
827 1567 929 1630 etiam
957 1566 1049 1629 dicto
1076 1565 1278 1629 Alexandro
1306 1565 1396 1648 quod
1425 1565 1553 1629 nullam

298 1672 493 1752 pensionem
512 1672 559 1734 eis
578 1670 685 1734 solvet
703 1670 810 1734 donec
831 1670 1046 1753 probaverint
1062 1669 1153 1751 quod
1171 1671 1213 1733 sit
1227 1669 1344 1733 debita
1358 1680 1392 1733 et
1408 1670 1555 1751 antiqua

299 1774 344 1838 Et
361 1774 557 1838 mandatum
573 1784 624 1837 est
640 1774 888 1838 Archidiacono
906 1773 1088 1851 Lincolnie,
1100 1785 1161 1838 etc.
1207 1772 1263 1856 [In
1280 1774 1332 1836 the
1348 1772 1556 1855 enargin.·—]

299 1878 409 1941 Pridie
426 1878 505 1941 Idus
523 1877 648 1961 Aprilis
665 1879 830 1942 institutio
845 1877 934 1940 facta
950 1886 1011 1939 est.
1091 1906 1093 1911 ¹

295 2063 406 2131 [Simon
416 2063 451 2116 de
460 2063 495 2115 K
484 2080 560 2131 ynu,
573 2064 651 2127 clerh,
658 2068 765 2131 person
776 2064 812 2131 of
821 2064 897 2117 three
906 2064 1042 2130 portione,
1051 2063 1200 2129 presented
1213 2063 1247 2130 by
1263 2062 1387 2115 William
1401 2063 1434 2115 de
1446 2062 1555 2130 Swaby,

362 2146 387 2197 is
403 2145 549 2198 instituted
563 2151 590 2199 to
608 2147 654 2199 the
664 2146 767 2215 fourth
778 2146 893 2213 portion
911 2146 941 2197 in
960 2145 1006 2197 the
1023 2145 1153 2197 churches
1171 2146 1207 2213 os
1221 2146 1261 2198 St.
1281 2145 1415 2198 M'cholas
1436 2145 1497 2197 arrd
1506 2145 1555 2197 St.

362 2228 518 2296 Margaret,
530 2228 651 2297 Swaby]

386 2338 583 2402 LINCOLN’:
608 2338 914 2403 suasu-Simon
931 2338 974 2401 de
991 2339 1116 2422 Kyma‚
1133 2338 1280 2414 clericus,
1296 2359 1438 2420 persona
1454 2339 1555 2402 trium

298 2442 489 2523 portionum
506 2443 538 2503 in
555 2442 702 2505 ecclesiis
717 2452 788 2505 tam
803 2442 918 2507 Sancti
938 2442 969 2504 N
973 2443 1092 2506 icholai
1105 2462 1207 2524 quam
1225 2442 1349 2506 Sancte
1367 2443 1556 2523 Margarete

296 2544 340 2608 de
360 2545 493 2627 Swaby,
508 2556 721 2628 presentatus
743 2567 801 2629 per
818 2545 1025 2609 Willelmum
1042 2545 1085 2609 de
1105 2545 1229 2628 Swaby
1245 2545 1287 2608 ad
1308 2556 1462 2627 quartam
1481 2566 1554 2627 por-

297 2648 423 2711 tionem
446 2650 479 2711 in
498 2648 635 2725 eisdem,
657 2648 745 2711 sacta
767 2650 857 2731 prius
884 2650 1099 2730 inquisitione
1119 2670 1177 2731 per
1200 2650 1248 2722 R„
1270 2648 1553 2712 Archidiaconum

300 2751 481 2828 Lincolnie,
504 2773 696 2834 perquam,
719 2762 791 2829 etc,
813 2753 980 2816 admissus
1004 2763 1063 2829 est,
1086 2764 1120 2817 et
1144 2752 1231 2817 lacta
1254 2763 1305 2817 est
1329 2752 1552 2815 consolidatio

298 2855 392 2917 istius
410 2866 528 2937 quarte
546 2856 708 2937 portionis
724 2877 801 2918 cum
821 2856 926 2919 tribus
947 2856 1156 2938 portionibus
1173 2858 1349 2939 premissis
1400 2857 1443 2920 Et
1460 2876 1553 2918 man-

296 2954 414 3020 datum
431 2969 481 3022 est
498 2958 746 3022 Archidiacono
763 2960 937 3023 Lincolnie
953 2970 998 3037 ut,
1015 2971 1075 3024 etc.

296 3142 443 3209 [Ne'chelezs
457 3145 490 3197 de
505 3145 628 3213 Freing',
645 3146 785 3213 chaplain,
797 3146 948 3213 presented
961 3146 993 3213 by
1008 3146 1100 3200 Sarah
1119 3146 1153 3199 de
1174 3145 1292 3207 Wutton‚
1317 3148 1348 3199 in
1364 3146 1445 3214 right
1458 3146 1494 3213 of
1505 3145 1555 3197 her

361 3225 464 3291 dewrp,
477 3228 502 3279 is
513 3228 659 3280 instituted
667 3234 695 3281 to
706 3232 751 3280 the
762 3229 864 3280 chureii
875 3229 912 3296 of
922 3228 1067 3297 Wootton.]

386 3346 805 3411 WUTToN'.-Nicholaus
836 3348 879 3411 de
914 3348 1055 3430 Freing’‚
1085 3348 1310 3431 cappellanus,
1342 3357 1552 3430 presentatus

298 3470 357 3530 per
373 3450 556 3512 Dominam
575 3451 709 3530 Sarram
726 3451 768 3514 de
781 3452 933 3515 Wutton'
947 3452 989 3515 ad
1006 3452 1181 3515 ecclesiam
1197 3452 1240 3515 de
1256 3452 1417 3528 Wutton’,
1427 3453 1552 3514 ratione

297 3553 386 3615 dotis
402 3574 470 3630 sue,
487 3555 574 3618 facta
594 3556 684 3637 prius
701 3556 915 3637 inquisitione
931 3577 990 3639 per
1007 3556 1054 3632 R.‚
1070 3555 1354 3619 Archidiaconum
1373 3554 1551 3630 Lincolnie,

296 3667 368 3732 etc,
391 3656 556 3720 admissus
578 3669 638 3734 est,
660 3669 694 3721 et
722 3680 864 3742 persona
892 3660 1073 3736 institutus
1097 3680 1173 3721 cum
1201 3679 1301 3721 onere
1330 3658 1496 3722 residendi
1519 3660 1551 3719 in

297 3758 425 3836 eadem,
437 3770 508 3837 etc„
519 3772 553 3824 et
566 3762 658 3824 salvo
669 3762 741 3842 jure
755 3763 973 3844 imposterum
992 3762 1140 3827 Simonis
1154 3762 1196 3825 de
1209 3762 1287 3839 Ver,
1300 3763 1326 3824 si
1339 3761 1430 3844 quod
1444 3762 1551 3836 habet,

298 3864 331 3923 in
348 3873 526 3944 patronatu
542 3865 694 3946 ejusdem
710 3866 857 3930 ecclesie.
906 3866 950 3928 Et
967 3865 1164 3929 mandatum
1182 3875 1241 3942 est,
1257 3876 1318 3929 etc.

299 4050 395 4114 [Peter
404 4050 437 4115 de
449 4050 592 4119 Stonford,
607 4052 754 4119 presented
762 4052 795 4120 by
805 4052 850 4104 the
862 4052 989 4105 Pn'oress
1000 4052 1061 4104 and
1069 4052 1154 4105 Nuns
1165 4053 1201 4120 of
1207 4053 1247 4106 St.
1260 4052 1388 4115 Michael,
1402 4050 1550 4118 Stamford,

363 4134 388 4183 is
398 4132 545 4185 instituted
553 4140 579 4185 to
590 4134 635 4185 the
646 4134 745 4186 chureii
757 4136 793 4203 os
798 4134 838 4187 St.
853 4134 877 4186 C
876 4136 983 4197 tement,
996 4134 1163 4202 Stamford.]

387 4244 571 4307 Ecctasm
612 4245 754 4309 Snucrr
796 4244 1017 4308 CLEMassis
1059 4258 1108 4306 ou
1155 4242 1553 4309 STANsouo’.-Oc'tavo

299 4346 459 4408 kalendas
479 4347 635 4411 Octobris
653 4349 769 4412 Petrus
788 4348 830 4411 de
853 4347 1030 4424 Stansord',
1050 4357 1260 4429 presentatus
1281 4368 1339 4429 per
1360 4347 1552 4409 Priorissam

298 4460 332 4512 et
357 4450 518 4513 moniales
546 4452 662 4516 Sancti
695 4452 867 4515 Michaelis
898 4451 940 4514 de
972 4451 1140 4517 Stanford'
1165 4451 1207 4513 ad
1238 4451 1410 4514 ecclesiam
1439 4450 1553 4514 Sancti

298 4554 481 4617 Clementis
497 4554 539 4638 de
556 4555 733 4632 Stansord’,
749 4557 836 4619 facta
852 4556 942 4637 prius
963 4557 1176 4637 inquisitione
1195 4576 1254 4637 per
1270 4553 1552 4618 Archidiaconum

301 4657 481 4735 Lincolnie,
501 4679 559 4740 per
578 4680 688 4741 quam,
707 4670 778 4737 etc,
798 4659 963 4723 admissus
983 4670 1042 4736 est,
1062 4672 1096 4722 et
1116 4660 1149 4721 in
1169 4680 1209 4722 ea
1232 4654 1390 4720 canonice
1413 4678 1554 4739 persona

299 4760 479 4838 institutus,
498 4783 574 4824 cum
598 4784 698 4826 onere
721 4764 753 4825 in
778 4784 817 4825 ea
840 4762 1016 4840 residendi,
1031 4774 1065 4826 et
1088 4763 1197 4826 eidem
1221 4762 1358 4825 ecclesie
1382 4762 1415 4823 in
1439 4760 1554 4823 ordine

298 4854 495 4927 sacerdotali
519 4866 552 4927 in
577 4867 709 4949 propria
732 4887 874 4949 persona
897 4866 1113 4942 deserviendi,
1132 4876 1166 4929 et
1189 4886 1264 4928 cum
1289 4885 1388 4928 onere
1411 4875 1445 4928 et
1469 4884 1553 4948 pena

299 4968 495 5030 vicariorum
512 4969 644 5033 inflicta.
691 4970 736 5033 Et
753 4969 950 5033 mandatum
967 4979 1018 5032 est
1034 4969 1281 5032 Archidiacono
1299 4968 1552 5045 Lincolnie,etc.
