3550 5692
320 590 369 659 44
661 564 798 640 Rutuli
820 563 997 662 Hugonis
1021 565 1065 638 de
1101 565 1234 639 Wclles

319 805 416 868 vinea
449 803 586 880 domini,
614 813 648 868 et
678 803 903 866 oblationibus
936 802 1064 867 domini
1098 813 1133 868 et
1170 803 1272 868 libere
1306 804 1431 868 familie
1460 826 1519 870 sue
1548 806 1574 868 si

319 906 455 988 quando
471 907 504 969 in
520 907 585 970 alio
601 906 674 969 loco
690 905 875 970 oblationes
892 926 968 969 suas
983 906 1091 970 iacere
1102 906 1273 970 voluerint.
1321 907 1484 990 Magister
1498 928 1575 972 vero

319 1010 399 1074 dicti
424 1008 611 1091 Hospitalis
633 1009 847 1092 respondebit
869 1008 913 1072 de
934 1010 1090 1073 oneribus
1112 1010 1234 1074 debitis
1254 1019 1288 1075 et
1310 1011 1485 1075 consuetis.
1531 1011 1575 1074 Et

321 1111 516 1174 mandatum
533 1121 583 1175 est
600 1111 856 1188 Archidiacono‚
871 1121 931 1174 etc

317 1363 518 1498 [Niclptlaesndde
540 1363 694 1514 pavulam,
709 1361 859 1431 presented
876 1363 910 1432 by
927 1363 973 1415 tlte
991 1363 1081 1432 Ktng.
1101 1364 1126 1416 is
1143 1363 1290 1417 instituted
1308 1368 1336 1417 to
1358 1364 1404 1416 tlte
1422 1363 1524 1416 church
1545 1365 1577 1432 of

414 1461 442 1498 ss
495 1460 540 1498 on.

408 1553 777 1638 ESENDEN.-Quarto
819 1576 925 1619 nonas
966 1555 1161 1619 Decembris
1196 1555 1358 1638 Magister
1394 1555 1575 1619 Nicholaus

317 1658 362 1722 de
393 1658 570 1734 Famham,
595 1668 803 1740 presentatus
828 1680 886 1742 per
908 1659 1082 1721 dominum
1107 1661 1236 1741 Regem
1267 1659 1309 1721 ad
1332 1659 1506 1722 ecclesiam
1533 1659 1575 1722 de

321 1761 487 1838 Esenden,
511 1761 598 1824 facta
624 1763 714 1843 prius
738 1763 951 1842 inquisitione
981 1783 1040 1844 per
1067 1762 1267 1846 Philippum,
1294 1762 1574 1825 Archidiaconurn

322 1862 564 1946 Huntingdon',
587 1885 646 1946 per
669 1885 780 1945 quam,
804 1875 875 1941 etc,
902 1865 1067 1928 admissus
1090 1864 1204 1928 estad
1235 1864 1377 1928 eandem
1402 1865 1574 1929 ecclesiam

317 1987 395 2029 cum
420 1967 635 2049 pertinentiis
653 1977 687 2030 et
711 1969 744 2029 in
769 1989 809 2030 ea
835 1969 995 2032 canonice
1021 1989 1162 2052 persona
1186 1969 1365 2033 institutus.
1412 1969 1458 2032 Et
1482 1990 1574 2031 man-

317 2069 436 2132 datum
452 2080 503 2132 est
518 2069 608 2132 dicto
626 2070 881 2149 Archidiacono,
896 2081 957 2134 etc.

406 2317 474 2400 [On
491 2319 543 2381 tle
557 2319 648 2382 dorse
659 2319 730 2401 .·-]

667 2430 807 2494 Annus
831 2429 1018 2512 Quantus
1042 2430 1226 2495 Dacuuus

317 2557 390 2622 [The
401 2556 490 2608 Abbot
502 2555 563 2608 and
574 2555 699 2608 Convent
707 2555 743 2622 of
749 2555 789 2608 St.
800 2554 911 2606 Albane
916 2557 1031 2622 present
1034 2554 1120 2619 John,
1132 2570 1150 2606 a
1164 2554 1248 2606 monk
1259 2555 1295 2622 of
1300 2555 1375 2608 their
1384 2555 1474 2618 home,
1487 2560 1514 2608 to
1522 2555 1573 2607 -tlte

379 2639 478 2704 W?
489 2636 689 2703 ofHer·tj0rd.]

406 2739 509 2802 Anno
546 2739 760 2820 pontificatus
790 2739 919 2802 domini
952 2738 1196 2802 Lincolniensis
1224 2738 1393 2821 Episcopi,
1419 2739 1575 2821 Hugonis

317 2840 464 2918 secundi,
480 2843 547 2918 xiv,
562 2842 617 2905 die
633 2843 712 2906 lune
727 2844 884 2924 proxima
900 2852 977 2924 post
999 2842 1122 2905 festum
1144 2842 1334 2924 Epiphanie
1348 2842 1573 2905 circa·horam

315 2945 384 3008 diei
415 2947 566 3028 primam,
597 2955 675 3008 ante
698 2945 886 3028 prandium,
909 2946 999 3028 apud
1025 2945 1245 3028 Buggindene
1268 2947 1301 3009 in
1325 2945 1401 3008 aula
1423 2944 1573 3025 ejusdem

320 3049 488 3131 Episcopi,
511 3049 682 3131 Johannes
706 3050 890 3113 monachus
914 3050 958 3112 de
981 3049 1107 3113 Sancto
1130 3048 1266 3111 Albano
1285 3048 1439 3112 exhibuit
1465 3049 1573 3112 eidem

320 3153 489 3235 Episcopo
504 3153 631 3216 litteras
647 3161 800 3234 patentes
817 3152 962 3214 Abbatis
977 3162 1011 3215 et
1030 3162 1213 3215 conventus
1228 3152 1271 3214 de
1287 3152 1413 3216 Sancto
1433 3151 1574 3228 Albano,

319 3275 377 3337 per
386 3276 469 3337 quas
481 3257 590 3338 ipsum
603 3256 792 3337 Johannem
809 3265 1084 3338 presentaverunt
1094 3257 1136 3319 ad
1153 3257 1336 3338 prioratum
1347 3255 1391 3318 de
1404 3254 1574 3331 Hertsord‚

315 3369 496 3441 conceptas
519 3361 552 3422 in
573 3359 634 3422 hac
662 3360 788 3422 forma:
812 3359 1026 3422 “Venerabili
1047 3361 1080 3422 in
1101 3358 1236 3424 Christo
1257 3359 1405 3420 Domino
1424 3369 1459 3421 et
1484 3359 1574 3422 Patri

323 3461 375 3538 H,
392 3463 455 3524 Dei
471 3464 579 3544 gratia
603 3462 772 3544 Episcopo
798 3463 1032 3539 Lincolniensi‚
1049 3462 1110 3539 W,
1126 3463 1244 3525 eadem
1267 3463 1375 3544 gratia
1392 3461 1518 3538 Abbas‚
1540 3471 1574 3525 et

316 3573 501 3628 conventus
519 3566 633 3630 Sancti
651 3564 786 3642 Albani,
802 3566 954 3641 salutem,
970 3564 1140 3642 honorem,
1155 3574 1190 3628 et
1206 3567 1434 3628 reverentiam.
1480 3565 1574 3628 Bone

318 3668 479 3731 memorie
490 3669 659 3732 Willelmo
670 3669 840 3750 quondam
853 3670 966 3732 Priore
976 3669 1019 3740 de
1032 3669 1192 3732 Hertsord
1206 3670 1294 3730 viam
1305 3670 1456 3732 universe
1467 3669 1573 3731 carnis

319 3791 424 3852 nuper
439 3772 613 3853 ingressso,
628 3771 787 3835 dilectum
804 3772 939 3836 fratrem
960 3782 1109 3837 nostrum
1126 3771 1324 3853 Johannem,
1340 3772 1480 3835 latorem
1501 3792 1576 3853 pre;

319 3875 473 3951 sentium,
489 3874 695 3956 providimus
719 3876 752 3937 in
775 3877 919 3957 priorem
941 3875 1093 3955 ejusdem
1118 3874 1247 3951 domus,
1269 3874 1379 3938 eidem
1403 3874 1573 3939 Willelmo

317 3977 596 4041 substituendum.
645 3979 758 4060 Ipsum
776 3979 875 4060 igitur
895 3979 1064 4042 sanctitati
1087 3988 1196 4041 vestre
1211 3988 1451 4059 presentamus
1466 3977 1573 4040 humi·

320 4081 394 4144 liter
413 4090 446 4144 et
462 4081 583 4144 devote
602 4083 829 4164 supplicantes
852 4083 1010 4168 quatinus
1033 4082 1217 4144 secundum
1241 4081 1383 4145 sormam
1407 4081 1573 4163 composi
1592 4117 1609 4130 --
1676 4164 1690 4172 .
1756 4155 1757 4170 χ

317 4185 419 4248 tionis
440 4185 526 4247 inter
548 4185 722 4248 ecclesiam
741 4196 885 4252 vestram
909 4195 944 4248 et
967 4195 1115 4248 nostram
1139 4185 1225 4248 facte
1247 4196 1281 4248 et
1305 4185 1444 4262 firmate,
1463 4187 1572 4266 ipsum

317 4289 390 4351 sine
421 4309 512 4350 more
542 4288 719 4370 dispendio
749 4299 783 4351 et
813 4289 1010 4351 difficultate
1033 4289 1141 4351 velitis
1164 4289 1350 4352 admittere.
1396 4289 1517 4352 Valete
1538 4289 1572 4351 in

317 4391 480 4455 Christo.''
534 4391 700 4454 Dominus
724 4403 836 4456 autem
862 4393 1059 4474 Episcopus,
1081 4392 1204 4455 auditis
1226 4403 1261 4456 et
1291 4392 1469 4456 intellectis
1500 4412 1572 4474 pre-

319 4494 417 4558 dictis
456 4495 583 4572 litteris,
620 4495 748 4559 dictum
778 4495 968 4576 Johannem
1006 4494 1049 4557 ad
1087 4497 1269 4576 prioratum
1308 4496 1495 4578 predictum
1530 4495 1573 4558 de

321 4598 481 4661 Hertsord
499 4599 644 4675 admisit,
659 4610 692 4662 et
709 4599 818 4681 ipsum
835 4599 978 4681 priorem
1002 4597 1153 4678 ejusdem
1170 4599 1290 4661 domus
1309 4599 1453 4662 instituit
1473 4597 1573 4679 juxta

315 4702 458 4766 formam
474 4702 726 4784 compositionis
749 4703 835 4765 inter
857 4702 1032 4766 ecclesiam
1059 4702 1327 4765 Lincolniensem
1348 4711 1383 4765 et
1397 4702 1571 4765 ecclesiam

317 4805 434 4870 Sancti
448 4805 572 4868 Albani
589 4805 689 4883 sacte;
705 4805 807 4883 salv0,
823 4816 947 4882 tamen,
961 4804 1035 4885 jure
1049 4815 1233 4868 conventus
1250 4806 1365 4871 Sancti
1383 4804 1522 4883 Albani;
1537 4815 1571 4868 et

318 4909 394 4972 ideo
410 4909 502 4972 salvo
516 4909 589 4989 jure
605 4910 708 4991 ipsius
725 4919 919 4987 conventus,
934 4910 1021 4990 quia,
1037 4930 1112 4972 cum
1129 4909 1245 4972 litteris
1261 4909 1418 4991 predictis
1437 4929 1576 4990 presen-

320 5011 488 5094 [tationis]
511 5033 696 5094 appensum
719 5023 807 5076 esset
830 5013 975 5094 sigillum
996 5011 1142 5074 Abbatis
1165 5013 1281 5076 Sancti
1302 5011 1436 5088 Albani,
1451 5012 1568 5074 eedem
