3550 5692
330 544 397 615 168
662 538 800 614 Rotnle'
820 537 999 635 Hngvnis
1022 538 1066 613 de
1101 537 1233 611 Welles

324 774 433 845 [Reger
445 774 480 827 de
495 774 649 837 Scuccan'r's,
659 772 805 841 presented
818 772 907 841 tythe
918 771 1004 825 Prior
1012 772 1073 823 aad
1083 772 1252 839 Conventof
1266 770 1293 821 Τ
1289 769 1451 838 burgarton,
1464 770 1489 821 is
1499 769 1578 821 insti·

388 858 466 911 tuted
474 862 501 909 to
512 858 557 909 tlte
567 857 667 911 cltnrctt
678 856 713 923 os
719 856 887 925 Blankney]

413 975 893 1056 manumve—Magister
924 975 1075 1057 Rogerus
1105 973 1148 1037 de
1175 970 1342 1048 Scaccar',¹
1367 980 1577 1053 presentatus

324 1101 383 1163 per
406 1080 551 1144 Priorem
574 1090 609 1145 et
631 1088 832 1143 conventum
855 1078 899 1143 de
921 1078 1143 1159 Thurgarton'
1163 1076 1206 1139 ad
1228 1075 1402 1141 ecclesiam
1418 1074 1460 1139 de
1477 1075 1577 1138 Blan-

324 1184 462 1267 keneye,
485 1184 572 1247 sacta
594 1184 684 1265 prius
707 1183 920 1264 inquisitione
943 1202 1002 1265 per
1025 1182 1074 1259 R,
1091 1180 1374 1244 Archidiaconum
1396 1177 1578 1253 Lincolnie,

326 1308 509 1370 perquam,
528 1297 599 1363 etc,
614 1286 657 1349 ad
673 1286 815 1349 eandem
832 1284 996 1348 admissus
1012 1295 1072 1363 est,
1087 1295 1122 1348 et
1138 1286 1170 1347 in
1188 1282 1306 1349 eadem
1327 1302 1469 1365 persona
1483 1283 1577 1346 insti·

324 1402 415 1456 tutus
445 1391 508 1454 sub
537 1410 624 1472 pena
647 1389 794 1454 Concilii.
841 1389 887 1452 Et
910 1387 1095 1470 injunctum
1126 1398 1178 1451 est
1207 1387 1297 1451 dicto
1322 1385 1577 1461 Archidiacono,

324 1496 477 1578 presenti,
492 1505 538 1571 ut,
553 1505 613 1557 etc.

323 1653 425 1722 [Hugh
442 1653 477 1705 de
492 1653 619 1716 Bennett,
632 1652 769 1719 chaplain,
775 1652 924 1719 pensem
936 1652 970 1720 by
985 1607 1030 1705 tid
1047 1650 1136 1705 Abroi
1150 1650 1210 1703 arrd
1227 1648 1353 1702 Conveni
1367 1649 1403 1716 of
1414 1649 1533 1710 Bourne,
1553 1649 1577 1699 is

387 1735 532 1789 instituted
539 1737 620 1788 vicar
628 1736 664 1803 os
669 1736 800 1797 Brund]

411 1856 574 1920 VICARIA
594 1870 643 1917 DE
667 1854 993 1935 BRUNNA.-Hugo
1008 1853 1051 1916 de
1068 1853 1212 1928 Brunna,
1228 1850 1427 1935 capellanus,
1444 1872 1576 1934 presen-

323 1970 411 2023 tatus
428 1980 486 2041 per
498 1959 668 2022 Abbatem
683 1968 717 2021 et
728 1968 931 2020 conventum
947 1958 990 2019 de
1006 1956 1141 2019 Brunna
1157 1955 1199 2018 ad
1212 1956 1368 2017 vicariam
1381 1954 1518 2017 ecclesie
1534 1954 1575 2017 de

325 2063 461 2126 Brunna
477 2063 673 2125 auctoritate
689 2061 827 2126 Concilii
843 2060 1041 2136 ordinatam,
1058 2059 1145 2122 facta
1168 2059 1258 2142 prius
1281 2058 1495 2139 inquisitione
1518 2078 1576 2140 per

324 2167 375 2243 R,
392 2165 674 2229 Archidiaconum
696 2165 876 2242 Lincolnie,
897 2184 1080 2247 perquam,
1096 2173 1166 2239 etc,
1186 2162 1230 2225 ad
1249 2162 1390 2225 eandem
1412 2162 1575 2225 admissus

322 2281 373 2333 est
400 2290 475 2333 cum
502 2290 602 2332 onere
629 2280 662 2332 et
689 2290 774 2351 pena
797 2269 1003 2343 vicariorum,
1025 2277 1085 2331 etc.
1133 2266 1178 2329 Et
1202 2266 1387 2347 injunctum
1412 2276 1462 2327 est
1485 2264 1575 2327 dicto

324 2373 579 2449 ArchidiaconO,
595 2373 748 2457 presenti,
767 2382 812 2449 ut,
827 2383 887 2436 etc.
935 2371 1095 2435 Consistit
1118 2370 1219 2433 etiam
1244 2371 1315 2452 ipsa
1338 2370 1458 2432 vicaria
1482 2379 1518 2430 ut
1542 2369 1574 2430 in

322 2478 429 2542 rotulo
444 2478 648 2540 vicariarum.

320 2635 496 2700 [Alexander
504 2635 593 2695 Pikot
605 2634 772 2694 mecon,
777 2633 928 2701 presented
941 2632 973 2699 by
984 2632 1076 2701 Hugh
1088 2632 1177 2694 Pikot,
1190 2633 1215 2683 is
1226 2632 1371 2685 instituted
1379 2636 1406 2685 to
1418 2632 1462 2683 tire
1474 2630 1574 2682 clirrretr

385 2720 421 2786 os
428 2716 729 2785 Doddr'ngton-Pigot.]

410 2833 905 2902 DODINGTON’.-Alexander
922 2832 1029 2909 Pikot,
1045 2832 1276 2907 subdiaconus
1292 2841 1500 2913 presentatus
1517 2853 1575 2914 per
1600 2826 1603 2831 ’

326 2941 506 3023 Hugonem
524 2940 632 3016 Pikot,
648 2938 796 3014 militem,
812 2938 853 3000 ad
870 2938 1043 3001 ecclesiam
1067 2936 1110 2999 de
1135 2936 1350 3017 Dodington’,
1373 2935 1461 2999 sacta
1484 2936 1574 3017 prius

322 3044 534 3125 inquisitione
557 3063 615 3124 per
638 3043 687 3118 R,
706 3040 989 3103 Archidiaconum
1015 3038 1196 3115 Lincolnie,
1221 3060 1279 3121 per
1303 3059 1413 3120 quam,
1437 3049 1507 3116 etc,
1532 3037 1573 3101 ad

320 3147 463 3211 eandem
490 3146 655 3211 admissus
681 3155 741 3221 est,
764 3156 798 3209 et
823 3145 856 3208 in
883 3165 923 3207 ea
950 3144 1109 3207 canonice
1136 3163 1277 3226 persona
1303 3143 1482 3206 institutus
1530 3142 1575 3205 Et

322 3250 507 3332 injunctum
523 3259 574 3313 est
590 3250 680 3312 dicto
697 3248 953 3325 Archidiac0n0,
969 3248 1122 3330 presenti,
1138 3258 1183 3324 ut,
1198 3256 1258 3309 etc.

321 3421 365 3490 [R.
376 3420 410 3473 de
425 3419 582 3482 lactem,
595 3419 731 3487 chaplain,
738 3418 887 3485 presented
901 3417 934 3485 by
944 3417 989 3469 tlte
1006 3418 1092 3470 Prior
1106 3416 1167 3469 and
1183 3416 1351 3482 conventos
1361 3415 1402 3467 St.
1413 3414 1572 3475 Kailierine,

385 3501 508 3564 Lr'ncoln,
522 3502 547 3553 is
556 3501 703 3554 instituted
712 3502 793 3554 vicar
801 3501 836 3568 of
842 3499 954 3567 Alford.
993 3499 1019 3550 T
1015 3499 1049 3551 lte
1057 3501 1188 3567 rn'carage
1198 3500 1224 3551 is
1234 3496 1389 3559 described]

408 3621 571 3684 VICARIA
594 3634 643 3682 DE
668 3618 930 3682 ALFORD'.-R.
947 3618 989 3681 de
1014 3617 1210 3694 Lacterton',
1225 3615 1425 3698 capellanus
1441 3636 1572 3698 presen-

321 3735 411 3788 tatus
432 3746 489 3808 per
512 3724 565 3801 H,
581 3725 738 3800 Priorem,
753 3734 787 3788 et
802 3733 1003 3786 conventum
1020 3724 1254 3786 canonicorum
1272 3720 1395 3785 Sancte
1412 3720 1573 3805 Katerine

323 3828 495 3892 Lincolnie
520 3827 562 3891 ad
588 3838 783 3911 perpetuam
805 3829 960 3890 vicariam
985 3826 1122 3890 ecclesie
1146 3827 1188 3889 de
1213 3824 1350 3901 Alsord',
1372 3823 1460 3887 facta
1483 3825 1572 3906 prius

321 3933 534 4013 inquisitione
561 3953 620 4013 per
644 3933 693 4008 R.,
718 3931 1000 3994 Archidiaconum
1026 3930 1206 4006 Lincolnie,
1229 3950 1288 4011 per
1310 3949 1420 4010 quam,
1440 3938 1510 4003 etc,
1530 3927 1572 3990 ad

319 4035 461 4101 eandem
478 4034 642 4098 admissus
657 4045 708 4098 est
723 4054 798 4097 cum
815 4055 915 4097 onere
930 4044 964 4097 et
980 4054 1075 4117 pena,
1084 4044 1144 4097 etc.
1191 4032 1359 4107 Consistit,
1369 4032 1573 4113 autem,ipsa

319 4139 441 4201 vicaria
456 4140 489 4200 in
505 4149 592 4201 terra
607 4139 793 4220 pertinente
808 4137 851 4201 ad
867 4138 1050 4213 ecclesiam,
1060 4147 1093 4200 et
1109 4138 1141 4199 in
1153 4136 1307 4199 omnibus
1318 4135 1572 4198 obventionibus

319 4243 465 4320 ecclesie,
477 4254 511 4308 et
525 4242 671 4317 decimis,
687 4252 831 4325 excepta
845 4242 976 4305 decima
991 4241 1166 4323 garbarum
1183 4251 1217 4303 et
1232 4240 1307 4317 seni,
1319 4250 1353 4303 et
1369 4240 1402 4301 in
1419 4261 1442 4301 x
1459 4239 1572 4303 solidis

320 4346 516 4428 recipiendis
533 4367 553 4409 a
569 4347 687 4409 Priore.
735 4345 883 4409 Habebit
900 4346 1000 4409 etiam
1016 4346 1142 4407 socium
1159 4344 1377 4427 capellanum,
1387 4353 1421 4405 et
1432 4344 1572 4405 sustine-

320 4450 369 4513 bit
391 4470 491 4513 onera
515 4449 731 4533 parrochialia
750 4469 825 4511 cum
848 4449 1078 4531 procuratione
1099 4448 1343 4511 Archidiaconi.
1391 4446 1436 4512 Et
1451 4446 1571 4511 valete

319 4553 452 4631 solidos
461 4564 495 4617 et
506 4564 557 4617 est
569 4552 721 4617 ordinata
734 4552 777 4614 ab
788 4552 934 4635 antiquo
978 4552 1023 4615 Et
1036 4551 1221 4633 injunctum
1231 4560 1282 4613 est
1294 4550 1384 4616 dicto
1397 4549 1570 4613 Archidia-

319 4677 405 4719 cono
429 4667 475 4734 ut,
502 4667 562 4720 etc.
619 4657 740 4718 Verius
767 4666 879 4721 autem
907 4655 1047 4718 habetur
1076 4653 1119 4717 de
1150 4654 1221 4735 ipsa
1248 4654 1369 4717 vicaria
1400 4654 1431 4715 in
1464 4653 1570 4719 rotulo

319 4771 482 4826 cartarum
499 4762 577 4826 anni
594 4757 653 4823 in¹¹i
668 4781 688 4826 a
703 4770 805 4842 tergo.
1352 4762 1356 4769 '

1245 4913 1565 4921 .—--—-—-————

663 4992 668 5022 ¹
686 4991 900 5047 “Subdiaconus
913 5000 955 5045 est
962 4990 973 5009 '¹
986 4991 1010 5045 is
1023 4992 1131 5043 written
1143 4990 1240 5043 above.
