3550 5692
416 927 887 1086 Qirclitttuonutus
940 925 1265 1077 Metefortte.

149 1207 152 1216 Ι
213 1235 325 1304 [Rattiu
336 1233 473 1300 ckaplain,
481 1231 630 1298 presented
638 1230 671 1297 by
682 1230 727 1281 tire
739 1229 824 1282 Prien
838 1228 899 1280 anet
910 1226 1203 1294 ConventesMerten,
1217 1228 1242 1278 is
1252 1228 1399 1280 instituted
1407 1233 1434 1280 te
1450 1245 1468 1280 u

277 1317 408 1382 vicurege
425 1313 528 1382 osfive
544 1311 639 1364 marks
649 1317 681 1363 at
693 1311 733 1364 St.
745 1310 847 1362 Petris
858 1309 892 1362 de
903 1309 1022 1372 Metten,
1034 1307 1168 1376 Bedsord.
1201 1308 1229 1361 Α
1240 1310 1360 1375 pensiori
1372 1312 1407 1379 of
1412 1315 1469 1362 two

277 1398 373 1451 marks
388 1397 413 1448 is
430 1395 565 1462 anurnlly
577 1393 631 1446 elue
648 1398 675 1445 to
690 1393 736 1445 tire
755 1392 885 1450 Conveni,
897 1392 959 1443 und
971 1392 996 1442 is
1012 1395 1039 1443 to
1055 1390 1085 1442 be
1101 1390 1243 1443 increuscu’
1256 1395 1283 1442 te
1293 1391 1357 1458 five
1373 1392 1468 1444 marks

277 1481 360 1532 when
376 1479 422 1531 tiu
431 1478 563 1543 uicurage
574 1477 693 1542 alloces]
942 1555 944 1559 Ι

301 1584 530 1645 Bsossouos
559 1579 701 1644 Snucri
726 1577 1002 1640 Parui—Facta
1025 1576 1237 1658 inquisitione
1261 1597 1319 1659 per
1343 1578 1467 1661 Magis-

214 1697 301 1751 trum
326 1687 369 1763 S,
393 1685 579 1750 Officialem
602 1682 838 1747 Archidiaconi
868 1681 1074 1759 Bedefordie,
1095 1702 1194 1764 super
1217 1683 1356 1746 ecclesia
1378 1684 1467 1747 beati

214 1792 301 1853 Petri
326 1788 532 1864 Bedefordie,
553 1808 611 1870 per
631 1808 731 1870 quam
751 1787 923 1868 negotium
944 1786 1005 1848 luit
1025 1786 1058 1848 in
1074 1784 1244 1867 expedito,
1260 1786 1468 1870 Radulphus,

213 1892 438 1976 cappellanus
454 1891 496 1954 ad
513 1891 795 1974 presentationem
817 1889 939 1952 Prioris
957 1898 992 1952 et
1011 1899 1196 1952 conventus
1219 1888 1261 1952 de
1285 1891 1468 1969 Meretone,

214 1995 379 2059 admissus
394 2006 445 2059 est
464 1995 507 2058 ad
527 2004 723 2077 perpetuam
740 1994 896 2057 vicariam
914 1995 1061 2077 quinque
1082 2014 1266 2057 marcarum
1290 1995 1323 2058 in
1346 1996 1465 2060 eadem

213 2103 361 2178 ecclesia,
383 2111 418 2164 et
438 2103 471 2164 in
492 2122 531 2164 ea
551 2100 710 2164 canonice
726 2120 868 2180 persona
884 2101 1064 2176 institutus,
1080 2100 1137 2182 qui
1152 2099 1277 2163 dictam
1293 2101 1468 2165 ecclesiam

215 2206 342 2269 tenebit
361 2206 496 2268 nomine
516 2213 675 2287 perpetue
694 2204 823 2280 vicarie,
843 2202 1015 2266 reddendo
1031 2202 1108 2266 inde
1125 2203 1204 2285 ipsis
1222 2205 1325 2267 Priori
1341 2214 1375 2268 et
1390 2226 1468 2268 con-

214 2311 327 2374 ventui
355 2308 537 2372 secundum
566 2317 690 2371 statum
719 2316 907 2389 presentem
935 2308 1038 2389 ipsius
1065 2307 1204 2370 ecclesie
1229 2291 1322 2370 duas
1341 2328 1469 2371 marcas

214 2434 342 2477 annuas
369 2415 504 2476 nomine
531 2413 708 2495 pensionis
756 2413 808 2474 lta
832 2421 946 2475 tamen
973 2411 1064 2494 quod
1091 2412 1118 2473 si
1150 2411 1314 2474 meliorari
1344 2414 1468 2495 ceperit

214 2518 344 2594 vicaria,
360 2526 485 2580 crescat
500 2527 534 2580 et
546 2517 619 2599 ipsa
634 2516 750 2599 pensio
767 2515 949 2578 secundum
963 2524 1181 2597 augmentum
1193 2515 1431 2579 meliorationis
1441 2518 1468 2580 si

215 2621 283 2684 fieri
304 2622 426 2704 poterit
445 2642 550 2704 usque
571 2621 613 2684 ad
633 2621 780 2703 quinque
797 2640 934 2693 marcas
950 2619 1041 2682 salva
1056 2618 1188 2701 semp'er
1203 2619 1325 2683 vicario
1340 2621 1469 2704 integra

215 2725 371 2806 porcione
386 2745 446 2786 sua
461 2726 608 2806 quinque
625 2745 809 2787 marcarum
832 2734 869 2787 ut
890 2723 1076 2806 predictum
1097 2733 1156 2786 est.
1203 2723 1249 2786 Et
1273 2724 1468 2788 mandatum

214 2840 265 2893 est
280 2829 370 2892 dicto
383 2828 526 2893 officiali
543 2839 579 2892 ut
595 2830 704 2912 ipsum
723 2829 939 2912 Radulphum
952 2829 1053 2910 juxta
1066 2829 1207 2891 sormam
1224 2830 1419 2912 premissam
1436 2831 1469 2893 in

214 2934 418 3017 corporalem
436 2934 562 3017 prefate
578 2934 698 2997 vicarie
714 2935 959 3017 possessionem
977 2933 1121 2997 inducat.
1147 2989 1151 2995 .

215 3154 356 3220 [Rr'ctrard,
370 3154 506 3222 chaplarn,
515 3155 664 3221 presented
673 3154 705 3221 by
716 3154 762 3206 the
772 3155 985 3222 representative
997 3155 1033 3222 ef
1038 3153 1084 3206 tire
1095 3153 1206 3207 Master
1214 3154 1300 3222 ostiu
1315 3155 1432 3223 Temple,
1445 3158 1471 3208 is

277 3237 423 3290 instituted
439 3238 519 3290 vicar
534 3237 569 3304 of
583 3237 739 3305 Langferd.
775 3237 834 3289 One
848 3237 930 3289 mark
945 3238 971 3289 is
986 3235 1124 3303 ennuully
1134 3237 1188 3290 due
1204 3237 1293 3289 tutte
1316 3237 1469 3306 Templurs.

282 3319 339 3370 The
349 3319 480 3386 vuarage
490 3320 515 3371 is
531 3319 688 3388 describet]

302 3429 790 3506 LANGEFORDE.—Ricardus,
818 3429 1043 3512 cappellanus,
1066 3438 1276 3511 presentatus
1304 3451 1363 3513 per
1390 3432 1469 3494 Fra-

214 3544 297 3597 trem
321 3534 468 3597 Alanum
490 3534 632 3610 Martell‚
647 3544 816 3616 gerentem
843 3535 931 3597 vices
956 3535 1108 3616 Magistri
1134 3534 1261 3598 Militie
1277 3535 1410 3617 Templi
1435 3537 1468 3599 in

215 3638 350 3721 Anglia,
369 3637 411 3701 ad
428 3639 585 3701 vicariam
609 3647 805 3721 perpetuam
826 3638 964 3702 ecclesie
980 3637 1022 3702 de
1040 3638 1259 3721 Langeforde,
1276 3638 1363 3702 facta
1379 3640 1469 3721 prius
1531 3655 1537 3666 ·

215 3742 427 3823 inquisitione
446 3763 505 3825 per
522 3742 722 3824 Magistrum
739 3743 782 3818 S,
798 3741 986 3806 Officialem
1004 3741 1241 3805 Archidiaconi
1263 3742 1468 3820 Bedefordie,

214 3866 394 3928 perquam
418 3846 590 3927 negotium
616 3845 677 3908 fuit
702 3846 734 3909 in
760 3845 931 3928 expeditu,
955 3845 997 3908 ad
1022 3847 1139 3928 ipsam,
1161 3846 1204 3908 de
1227 3866 1364 3908 assensu
1387 3846 1467 3911 dicti

215 3951 367 4033 Magistri
392 3971 450 4033 per
474 3950 647 4013 dominum
675 3950 879 4032 Episcopum
905 3950 947 4014 de
970 3971 1057 4013 novo
1080 3950 1268 4013 ordinatam
1292 3950 1326 4012 in
1349 3951 1467 4015 eadem

213 4055 360 4131 ecclesia,
372 4054 538 4117 admissus
553 4064 613 4130 est,
623 4063 656 4118 et
673 4055 705 4116 in
719 4075 759 4117 ea
770 4055 930 4116 canonice
939 4054 1079 4117 vicarius
1092 4064 1271 4137 perpetuus
1287 4054 1467 4132 institutus,

214 4159 304 4222 salva
320 4158 476 4221 fratribus
494 4158 614 4222 Militie
625 4158 758 4241 Templi
775 4179 841 4221 una
858 4179 970 4221 marca
985 4179 1096 4221 annua
1111 4158 1154 4221 de
1166 4158 1315 4241 predicta
1327 4158 1466 4234 vicaria;

212 4283 277 4344 que
306 4262 441 4343 quidem
472 4262 593 4325 vicaria
624 4263 774 4325 consistit
802 4263 835 4324 in
863 4261 1024 4344 altaragio
1052 4262 1178 4344 prefate
1204 4262 1343 4326 ecclesie
1368 4271 1402 4325 et
1432 4263 1465 4324 in

213 4367 368 4429 omnibus
390 4366 620 4448 spectantibus
637 4366 679 4429 ad
698 4388 772 4430 eam
792 4367 966 4430 ecclesiam
988 4376 1097 4450 preter
1116 4367 1264 4430 decimas
1287 4366 1464 4449 garbarum

213 4478 247 4533 et
262 4471 408 4534 decimas
421 4471 654 4552 provenientes
666 4469 708 4533 de
724 4469 962 4553 molendin[is],
974 4479 1008 4533 et
1024 4480 1133 4552 preter
1148 4479 1269 4534 terram
1286 4471 1432 4534 ecclesie.

212 4690 296 4758 [lehn
312 4691 346 4742 de
364 4689 556 4754 Winterbome,
570 4691 647 4754 clerk,
660 4692 684 4742 is
696 4690 840 4743 instituted
854 4696 881 4742 to
897 4691 942 4742 tlte
958 4691 1058 4744 chureii
1075 4693 1111 4760 os
1124 4690 1308 4759 Chellingteu,
1321 4691 1352 4743 in
1367 4706 1466 4764 succes·

276 4773 336 4823 sion
347 4777 374 4824 to
390 4772 499 4836 Walter,
506 4774 655 4841 preferred
664 4777 690 4825 to
705 4773 895 4842 Thrupstone]

300 4875 842 4960 CHELEWENTONE.—Magister
864 4877 1035 4959 Johannes
1053 4876 1096 4939 de
1111 4876 1355 4953 Winterbome,
1370 4877 1463 4940 cleri-

213 5000 280 5054 cuS,
299 4989 508 5062 presentatus
528 4981 570 5052 ad
591 4981 763 5044 ecclesiam
784 4981 826 5045 de
843 4981 1108 5056 Chelewentone,
1124 4990 1299 5043 vacantem
1315 4979 1461 5061 eoquod

278 5086 347 5141 Vor..
361 5088 411 5142 111.
1380 5101 1399 5139 ts
