3550 5692
569 590 747 690 Episcopi
774 589 1058 665 Lincolniensis.
1388 614 1454 685 199

204 830 486 895 Archidiaconum
518 830 700 908 Lincolnie,
730 852 789 914 per
818 852 929 914 quam,
959 842 1030 909 etc,
1056 831 1098 895 ad
1129 832 1270 896 eandem
1301 842 1453 915 quartam

203 946 332 1019 partem
355 935 520 999 admissus
543 945 686 1012 estete.
732 936 778 999 Et
801 936 999 1000 mandatum
1015 948 1066 1000 est
1081 934 1190 1001 eidem
1209 936 1455 1001 Archidiacono

203 1049 249 1117 ut,
265 1049 327 1103 etc.

202 1225 338 1295 [Richard
350 1227 385 1279 de
400 1226 553 1286 lincolnia,
563 1226 732 1288 sub-deame.
740 1230 890 1294 presented
903 1227 937 1295 by
953 1228 998 1280 the
1009 1226 1098 1281 Abbot
1112 1220 1174 1280 and
1184 1226 1311 1281 Conveni
1324 1228 1360 1296 of
1365 1228 1456 1282 Bard-

266 1325 324 1377 ney,
336 1310 362 1361 is
371 1309 518 1362 imtituted
525 1315 553 1361 to
563 1310 608 1362 ene
619 1309 719 1363 cheren
732 1309 768 1377 of
776 1310 947 1377 Boulikam]

290 1444 705 1529 BULTHAM.—Magister
742 1445 906 1509 Ricardus
940 1445 983 1509 de
1015 1446 1197 1523 Lincolnie,
1224 1444 1456 1522 subdiaconus,

203 1558 411 1630 presentatus
426 1569 485 1631 per
500 1548 671 1613 Abbatem
688 1559 722 1612 et
733 1560 935 1612 conventum
948 1548 991 1612 de
1008 1548 1147 1613 Barden'
1164 1548 1206 1613 ad
1223 1550 1397 1613 ecclesiam
1414 1549 1456 1613 de

203 1648 370 1727 Bultham,
386 1650 473 1715 facta
488 1652 578 1733 prius
593 1652 808 1734 inquisitione
823 1673 882 1734 per
903 1652 951 1729 R.,
967 1651 1251 1716 Archidiaconum
1274 1652 1456 1729 Lincolnie,

202 1774 261 1836 per
282 1775 393 1836 quam,
413 1765 484 1832 etc,
506 1755 549 1818 ad
571 1755 713 1819 eandem
737 1755 903 1819 admissus
926 1765 986 1832 est,
1008 1765 1069 1819 etc.
1117 1756 1161 1820 Et
1186 1756 1383 1821 mandatum
1406 1766 1457 1820 est

202 1856 311 1920 eidem
328 1857 575 1922 Archidiacono
590 1869 637 1937 ut,
651 1869 711 1923 etc.

202 2060 304 2128 [Hugh
314 2060 349 2114 de
358 2062 450 2125 Lund,
461 2062 629 2126 mideacon,
638 2063 787 2130 presented
799 2064 833 2131 by
844 2063 889 2115 tlte
900 2063 990 2117 Albos
1002 2064 1063 2116 and
1074 2062 1200 2117 Conveni
1213 2064 1249 2132 of
1261 2064 1419 2131 repentine,
1433 2064 1458 2117 is

266 2144 412 2197 instz‘tuted
424 2150 451 2197 to
467 2144 513 2197 the
527 2146 602 2198 sixth
618 2148 691 2213 pan
704 2145 740 2213 of
755 2146 800 2199 the
816 2144 917 2199 church
939 2145 975 2213 eff
986 2145 1040 2199 All
1056 2146 1159 2209 Satnts,
1179 2146 1347 2213 Brocklesby,
1366 2145 1457 2199 which

267 2223 395 2278 Richard
408 2225 469 2279 had
481 2225 565 2295 nelca]

291 2365 697 2448 BROKELESBv.-Hug0
720 2366 763 2429 de
787 2364 895 2443 Lund,
910 2364 1142 2441 subdiaconus,
1168 2373 1377 2448 presentatus
1401 2384 1459 2447 per

204 2467 373 2530 Abbatem
400 2477 434 2531 et
460 2478 662 2532 conventum
687 2468 730 2533 de
756 2469 955 2552 Tupeholm’
983 2469 1025 2533 ad
1054 2468 1144 2532 illam
1171 2477 1302 2532 sextam
1329 2477 1457 2551 partem

202 2570 339 2635 ecclesie
362 2570 524 2636 Omnium
550 2573 749 2638 Sanctorum
765 2572 808 2636 de
826 2572 1015 2653 Broclesby,
1031 2592 1132 2654 quam
1154 2570 1317 2635 Ricardus
1333 2569 1458 2653 [blank]

203 2675 321 2737 ultimo
344 2676 451 2740 tenuit
472 2676 506 2738 in
528 2675 656 2752 eadem,
679 2676 767 2739 iacta
786 2676 877 2758 prius
897 2676 1111 2758 inquisitione
1134 2696 1192 2758 per
1217 2675 1265 2752 R.,
1283 2673 1458 2739 Archidia·

203 2798 324 2842 conum
347 2779 528 2857 Lincolnie,
545 2800 729 2863 perquam,
746 2791 816 2857 etc,
832 2779 874 2842 ad
891 2779 1033 2843 eandem
1050 2779 1215 2843 admissus
1231 2788 1291 2856 est,
1306 2787 1367 2843 etc.
1414 2778 1459 2841 Et

204 2882 400 2947 mandatum
416 2894 467 2947 est
482 2883 591 2947 eidem
609 2883 856 2948 Archidiacono
872 2893 920 2961 ut,
932 2893 993 2947 etc.

204 3088 347 3157 [Geoffrey
357 3088 391 3140 de
404 3088 527 3151 Oscumb,
539 3088 677 3156 chaplain
684 3087 834 3155 presented
841 3088 875 3156 by
885 3087 930 3141 the
942 3087 1030 3141 Abbot
1038 3088 1099 3140 and
1110 3086 1236 3141 Conveni
1244 3088 1280 3155 os
1289 3085 1422 3155 Grimsby,
1435 3087 1460 3139 is

268 3171 415 3224 instt’treted
422 3172 503 3225 vicar
511 3173 547 3239 of
555 3172 623 3226 Clee.
660 3172 717 3225 The
727 3173 859 3240 vicarage
870 3172 896 3223 is
906 3170 1063 3235 described]

291 3305 623 3389 cenef-Magister
653 3306 822 3372 Galsridus
849 3306 892 3369 de
920 3305 1080 3383 Oscumb,
1103 3304 1303 3388 capellanus,
1327 3324 1458 3387 presen-

203 3420 293 3473 tatus
316 3431 375 3493 per
391 3410 561 3475 Abbatem
578 3420 612 3474 et
628 3420 829 3474 conventum
846 3408 1008 3474 Grimesb’
1025 3408 1068 3472 ad
1092 3418 1285 3492 perpetuam
1303 3408 1458 3472 vicariam

202 3515 342 3579 ecclesie
366 3514 409 3578 de
432 3514 520 3592 Clee,
544 3515 632 3578 sacta
659 3515 749 3598 prius
776 3514 990 3596 inquisitione
1015 3534 1074 3597 per
1101 3514 1149 3589 R.,
1174 3512 1457 3576 Archidiaconum

205 3617 388 3694 Lincolnie,
411 3638 471 3699 per
492 3637 603 3699 quam,
618 3626 689 3694 etc.,
704 3616 747 3680 ad
766 3616 909 3680 eandem
926 3616 1090 3679 admissus
1106 3624 1166 3691 est,
1181 3625 1251 3691 etc,
1267 3635 1343 3678 cum
1359 3636 1459 3679 onere

203 3731 236 3785 et
252 3742 340 3804 pena
355 3721 560 3784 vicariorum.
607 3722 652 3785 Et
668 3721 866 3785 mandatum
881 3718 933 3784 est
948 3720 1057 3783 eidem
1076 3718 1324 3783 Archidiacono
1339 3728 1384 3797 ut,
1397 3728 1458 3783 etc.

204 3826 375 3901 Consistit,
397 3836 520 3902 autem,
543 3827 615 3909 ipsa
638 3826 761 3889 vicaria
787 3826 821 3888 in
847 3824 1072 3888 oblationibus
1099 3822 1151 3905 [M
1182 3822 1234 3906 11]
1263 3823 1318 3887 die
1346 3824 1458 3887 Natali

205 3928 354 4005 Domini,
380 3928 435 3992 die
460 3929 596 4005 Pasche,
619 3929 675 3993 die
698 3929 822 3995 Sancte
845 3928 1028 4003 Trinitatis
1052 3927 1107 3990 die
1132 3926 1381 4005 Purificationis,
1405 3928 1459 3993 die

204 4032 368 4098 Omnium
399 4032 609 4109 Sanctorum,
639 4032 694 4096 die
718 4032 970 4115 Assumptionis
1002 4031 1105 4094 Beate
1136 4030 1252 4107 Mane,
1281 4030 1336 4095 die
1364 4032 1457 4095 beati

204 4135 337 4199 Thome
361 4136 517 4212 Martiris,
539 4146 573 4200 et
595 4135 816 4199 dedicationis
837 4136 984 4212 ecclesie,
1006 4144 1041 4198 et
1064 4134 1097 4197 in
1121 4133 1259 4197 decimis
1275 4154 1459 4213 vaccarum,

204 4260 373 4317 aucarum,
402 4240 577 4322 pullorum,
600 4241 789 4316 vitulorum,
814 4249 848 4303 et
873 4239 1093 4321 pullanorum‚
1115 4238 1312 4321 gallinarum
1335 4248 1369 4302 et
1393 4239 1459 4318 lini,

205 4344 302 4420 casei,
313 4343 423 4420 butiri,
434 4364 582 4420 ovorum,
593 4354 627 4407 et
642 4345 676 4407 in
692 4354 835 4427 apportu
851 4344 965 4406 altaris
981 4342 1076 4425 panis
1088 4352 1122 4405 et
1134 4342 1286 4419 cervisie;
1303 4350 1337 4404 et
1353 4342 1460 4407 solvet

206 4448 347 4511 vicarius
371 4457 504 4511 tantum
528 4448 712 4530 synodalia
766 4448 887 4511 Abbas
913 4456 1025 4510 autem
1052 4456 1087 4509 et
1111 4454 1293 4509 conventus
1319 4446 1458 4528 predicti

206 4552 431 4634 procurabunt
446 4552 730 4616 Archidiaconum
745 4563 780 4617 et
799 4553 913 4615 omnia
928 4551 993 4614 alia
1008 4570 1109 4614 onera
1125 4549 1335 4614 sustinebunt
1351 4560 1460 4633 preter

203 4651 389 4738 'synodalia
424 4656 526 4720 Valet
541 4658 663 4720 vicaria
677 4680 699 4721 v
713 4677 851 4733 marcas,
867 4666 977 4739 preter
992 4675 1113 4737 panem
1129 4664 1163 4717 et
1178 4654 1348 4717 cervisiam
1365 4663 1403 4716 ut
1425 4654 1458 4716 in

207 4760 317 4824 rotulo
331 4759 536 4824 vicariatum.
583 4762 669 4825 ltem
686 4759 909 4843 providebunt
923 4759 1046 4823 vicario
1061 4758 1103 4822 de
1119 4758 1212 4821 tosto

270 4980 280 5009 ¹
292 4979 355 5031 'she
366 4980 436 5032 later
445 4982 521 5033 band
533 4982 584 5034 bas
595 4982 688 5034 added
700 4983 821 5035 “vicarie
832 4980 990 5034 ordinatio”.
1024 4980 1116 5032 There
1128 4994 1175 5031 are
1187 4978 1293 5031 several
1310 4978 1458 5031 insertione

206 5061 235 5113 in
244 5061 359 5114 blacker
369 5062 417 5113 inlr
428 5063 456 5114 in
467 5064 524 5116 this
534 5072 623 5131 entry.
