<?xml version="1.0" encoding="UTF-8"?>
<!DOCTYPE html PUBLIC "-//W3C//DTD XHTML 1.0 Transitional//EN"
    "http://www.w3.org/TR/xhtml1/DTD/xhtml1-transitional.dtd">
<html xmlns="http://www.w3.org/1999/xhtml" xml:lang="en" lang="en">
 <head>
  <title>
</title>
<meta http-equiv="Content-Type" content="text/html;charset=utf-8" />
  <meta name='ocr-system' content='tesseract 3.04.00' />
  <meta name='ocr-capabilities' content='ocr_page ocr_carea ocr_par ocr_line ocrx_word'/>
</head>
<body>
  <div class='ocr_page' id='page_1' title='image "./rotulihugonisde01davigoog_0134.png"; bbox 0 0 3550 5692; ppageno 0'>
   <div class='ocr_carea' id='block_1_1' title="bbox 565 563 1463 661">
    <p class='ocr_par' dir='ltr' id='par_1_1' title="bbox 565 563 1463 661">
     <span class='ocr_line' id='line_1_1' title="bbox 565 563 1463 661; baseline 0.012 -30"><span class='ocrx_word' id='word_1_1' title='bbox 565 626 568 631; x_wconf 88' lang='lat'>.</span> <span class='ocrx_word' id='word_1_2' title='bbox 592 564 772 661; x_wconf 67' lang='lat' dir='ltr'><strong>Episcopi</strong></span> <span class='ocrx_word' id='word_1_3' title='bbox 793 563 1077 641; x_wconf 75' lang='lat' dir='ltr'><strong>Lincolnzensis.</strong></span> <span class='ocrx_word' id='word_1_4' title='bbox 1397 592 1436 641; x_wconf 81' lang='lat'><strong>12</strong></span> <span class='ocrx_word' id='word_1_5' title='bbox 1443 592 1463 661; x_wconf 82' lang='lat'>3</span> 
     </span>
    </p>
   </div>
   <div class='ocr_carea' id='block_1_2' title="bbox 209 803 1463 1093">
    <p class='ocr_par' dir='ltr' id='par_1_2' title="bbox 209 803 1463 1093">
     <span class='ocr_line' id='line_1_2' title="bbox 209 803 1462 881; baseline 0 -12"><span class='ocrx_word' id='word_1_6' title='bbox 209 827 283 869; x_wconf 92' lang='lat' dir='ltr'><strong>cum</strong></span> <span class='ocrx_word' id='word_1_7' title='bbox 299 826 400 870; x_wconf 88' lang='lat' dir='ltr'><strong>onere</strong></span> <span class='ocrx_word' id='word_1_8' title='bbox 415 806 448 868; x_wconf 94' lang='lat' dir='ltr'><strong>in</strong></span> <span class='ocrx_word' id='word_1_9' title='bbox 463 827 504 869; x_wconf 90' lang='lat' dir='ltr'><strong>ea</strong></span> <span class='ocrx_word' id='word_1_10' title='bbox 520 803 693 881; x_wconf 91' lang='lat' dir='ltr'><strong>residendi,</strong></span> <span class='ocrx_word' id='word_1_11' title='bbox 705 814 740 868; x_wconf 89' lang='lat' dir='ltr'><strong>et</strong></span> <span class='ocrx_word' id='word_1_12' title='bbox 754 804 863 869; x_wconf 87' lang='lat' dir='ltr'><strong>eidem</strong></span> <span class='ocrx_word' id='word_1_13' title='bbox 880 804 1018 868; x_wconf 90' lang='lat' dir='ltr'><strong>ecclesie</strong></span> <span class='ocrx_word' id='word_1_14' title='bbox 1035 806 1068 867; x_wconf 92' lang='lat' dir='ltr'><strong>in</strong></span> <span class='ocrx_word' id='word_1_15' title='bbox 1081 805 1197 870; x_wconf 88' lang='lat' dir='ltr'><strong>ordine</strong></span> <span class='ocrx_word' id='word_1_16' title='bbox 1214 805 1411 870; x_wconf 87' lang='lat' dir='ltr'><strong>sacerdotali</strong></span> <span class='ocrx_word' id='word_1_17' title='bbox 1429 807 1462 869; x_wconf 90' lang='lat' dir='ltr'><strong>in</strong></span> 
     </span>
     <span class='ocr_line' id='line_1_3' title="bbox 209 906 1463 994; baseline -0.001 -21"><span class='ocrx_word' id='word_1_18' title='bbox 209 912 339 993; x_wconf 89' lang='lat' dir='ltr'><strong>propria</strong></span> <span class='ocrx_word' id='word_1_19' title='bbox 355 929 496 993; x_wconf 89' lang='lat' dir='ltr'><strong>persona</strong></span> <span class='ocrx_word' id='word_1_20' title='bbox 511 908 727 972; x_wconf 91' lang='lat' dir='ltr'><strong>deserviendi.</strong></span> <span class='ocrx_word' id='word_1_21' title='bbox 767 908 812 971; x_wconf 89' lang='lat' dir='ltr'><strong>Et</strong></span> <span class='ocrx_word' id='word_1_22' title='bbox 828 906 1025 971; x_wconf 89' lang='lat' dir='ltr'><strong>mandatum</strong></span> <span class='ocrx_word' id='word_1_23' title='bbox 1043 919 1093 972; x_wconf 91' lang='lat' dir='ltr'><strong>est</strong></span> <span class='ocrx_word' id='word_1_24' title='bbox 1111 908 1250 973; x_wconf 92' lang='lat' dir='ltr'><strong>Decano</strong></span> <span class='ocrx_word' id='word_1_25' title='bbox 1267 908 1310 973; x_wconf 91' lang='lat' dir='ltr'><strong>de</strong></span> <span class='ocrx_word' id='word_1_26' title='bbox 1327 910 1463 994; x_wconf 85' lang='lat' dir='ltr'><strong>Buling·</strong></span> 
     </span>
     <span class='ocr_line' id='line_1_4' title="bbox 209 1015 1130 1093; baseline -0.001 -16"><span class='ocrx_word' id='word_1_27' title='bbox 209 1015 295 1093; x_wconf 91' lang='lat' dir='ltr'><strong>broc,</strong></span> <span class='ocrx_word' id='word_1_28' title='bbox 310 1024 371 1079; x_wconf 87' lang='lat' dir='ltr'><strong>etc.</strong></span> <span class='ocrx_word' id='word_1_29' title='bbox 1118 1034 1130 1039; x_wconf 85' lang='grc'><strong>··</strong></span> 
     </span>
    </p>
   </div>
   <div class='ocr_carea' id='block_1_3' title="bbox 207 1199 1467 1433">
    <p class='ocr_par' dir='ltr' id='par_1_3' title="bbox 207 1199 1467 1433">
     <span class='ocr_line' id='line_1_5' title="bbox 207 1199 1467 1267; baseline -0.001 -14"><span class='ocrx_word' id='word_1_30' title='bbox 207 1201 343 1265; x_wconf 77' lang='lat' dir='ltr'><strong>[Rictiard</strong></span> <span class='ocrx_word' id='word_1_31' title='bbox 350 1200 384 1263; x_wconf 81' lang='lat' dir='ltr'><strong>de</strong></span> <span class='ocrx_word' id='word_1_32' title='bbox 400 1200 581 1262; x_wconf 81' lang='lat' dir='ltr'><strong>Wndleshor.</strong></span> <span class='ocrx_word' id='word_1_33' title='bbox 594 1200 672 1263; x_wconf 68' lang='lat' dir='ltr'><strong>cleti,</strong></span> <span class='ocrx_word' id='word_1_34' title='bbox 683 1200 830 1267; x_wconf 70' lang='lat' dir='ltr'><strong>presented</strong></span> <span class='ocrx_word' id='word_1_35' title='bbox 843 1200 875 1267; x_wconf 82' lang='lat' dir='ltr'><strong>by</strong></span> <span class='ocrx_word' id='word_1_36' title='bbox 891 1200 1001 1251; x_wconf 80' lang='lat' dir='ltr'><strong>Gerard</strong></span> <span class='ocrx_word' id='word_1_37' title='bbox 1009 1199 1043 1252; x_wconf 82' lang='lat' dir='ltr'><strong>dt</strong></span> <span class='ocrx_word' id='word_1_38' title='bbox 1054 1200 1176 1262; x_wconf 82' lang='lat' dir='ltr'><strong>Hurbell,</strong></span> <span class='ocrx_word' id='word_1_39' title='bbox 1190 1202 1215 1253; x_wconf 87' lang='lat' dir='ltr'><strong>is</strong></span> <span class='ocrx_word' id='word_1_40' title='bbox 1226 1200 1372 1253; x_wconf 77' lang='lat' dir='ltr'><strong>instituted</strong></span> <span class='ocrx_word' id='word_1_41' title='bbox 1382 1205 1409 1252; x_wconf 87' lang='lat' dir='ltr'><strong>te</strong></span> <span class='ocrx_word' id='word_1_42' title='bbox 1421 1200 1467 1253; x_wconf 83' lang='lat' dir='ltr'><strong>the</strong></span> 
     </span>
     <span class='ocr_line' id='line_1_6' title="bbox 214 1280 1466 1353; baseline -0.001 -18"><span class='ocrx_word' id='word_1_43' title='bbox 214 1348 218 1353; x_wconf 91' lang='lat'>.</span> <span class='ocrx_word' id='word_1_44' title='bbox 272 1282 429 1349; x_wconf 87' lang='lat' dir='ltr'><strong>medietyof</strong></span> <span class='ocrx_word' id='word_1_45' title='bbox 434 1282 479 1334; x_wconf 80' lang='lat' dir='ltr'><strong>the</strong></span> <span class='ocrx_word' id='word_1_46' title='bbox 489 1281 590 1334; x_wconf 75' lang='lat' dir='ltr'><strong>chureii</strong></span> <span class='ocrx_word' id='word_1_47' title='bbox 601 1282 637 1349; x_wconf 90' lang='lat' dir='ltr'><strong>of</strong></span> <span class='ocrx_word' id='word_1_48' title='bbox 647 1280 775 1349; x_wconf 82' lang='lat' dir='ltr'><strong>Claypole</strong></span> <span class='ocrx_word' id='word_1_49' title='bbox 786 1281 877 1334; x_wconf 80' lang='lat' dir='ltr'><em>which</em></span> <span class='ocrx_word' id='word_1_50' title='bbox 886 1281 1012 1333; x_wconf 79' lang='lat' dir='ltr'><strong>Richard</strong></span> <span class='ocrx_word' id='word_1_51' title='bbox 1020 1281 1053 1334; x_wconf 87' lang='lat' dir='ltr'><strong>de</strong></span> <span class='ocrx_word' id='word_1_52' title='bbox 1067 1281 1175 1335; x_wconf 81' lang='lat' dir='ltr'><strong>Ononia</strong></span> <span class='ocrx_word' id='word_1_53' title='bbox 1184 1281 1244 1333; x_wconf 75' lang='lat' dir='ltr'><strong>trad</strong></span> <span class='ocrx_word' id='word_1_54' title='bbox 1254 1281 1327 1335; x_wconf 79' lang='lat' dir='ltr'><strong>held.</strong></span> <span class='ocrx_word' id='word_1_55' title='bbox 1362 1282 1389 1333; x_wconf 82' lang='lat' dir='ltr'><em>A</em></span> <span class='ocrx_word' id='word_1_56' title='bbox 1398 1285 1466 1349; x_wconf 86' lang='lat' dir='ltr'><strong>pen-</strong></span> 
     </span>
     <span class='ocr_line' id='line_1_7' title="bbox 270 1362 1112 1433; baseline -0.001 -17"><span class='ocrx_word' id='word_1_57' title='bbox 270 1366 332 1416; x_wconf 85' lang='lat' dir='ltr'><strong>sion</strong></span> <span class='ocrx_word' id='word_1_58' title='bbox 343 1365 367 1416; x_wconf 87' lang='lat' dir='ltr'><strong>is</strong></span> <span class='ocrx_word' id='word_1_59' title='bbox 377 1363 507 1416; x_wconf 76' lang='lat' dir='ltr'><strong>received</strong></span> <span class='ocrx_word' id='word_1_60' title='bbox 515 1368 542 1416; x_wconf 84' lang='lat' dir='ltr'><strong>to</strong></span> <span class='ocrx_word' id='word_1_61' title='bbox 552 1363 598 1415; x_wconf 83' lang='lat' dir='ltr'><strong>tiu</strong></span> <span class='ocrx_word' id='word_1_62' title='bbox 608 1363 699 1415; x_wconf 83' lang='lat' dir='ltr'><strong>Abbot</strong></span> <span class='ocrx_word' id='word_1_63' title='bbox 706 1363 767 1415; x_wconf 78' lang='lat' dir='ltr'><strong>ared</strong></span> <span class='ocrx_word' id='word_1_64' title='bbox 778 1363 905 1415; x_wconf 83' lang='lat' dir='ltr'><strong>Conveni</strong></span> <span class='ocrx_word' id='word_1_65' title='bbox 915 1363 952 1430; x_wconf 88' lang='lat' dir='ltr'><strong>of</strong></span> <span class='ocrx_word' id='word_1_66' title='bbox 959 1362 1112 1433; x_wconf 59' lang='lat' dir='ltr'><strong>Barsines]</strong></span> 
     </span>
    </p>
   </div>
   <div class='ocr_carea' id='block_1_4' title="bbox 206 1488 1468 2497">
    <p class='ocr_par' dir='ltr' id='par_1_4' title="bbox 206 1488 1468 2497">
     <span class='ocr_line' id='line_1_8' title="bbox 294 1488 1466 1573; baseline 0 -20"><span class='ocrx_word' id='word_1_67' title='bbox 294 1489 675 1573; x_wconf 78' lang='lat' dir='ltr'><strong>CLEIPOL.-Magister</strong></span> <span class='ocrx_word' id='word_1_68' title='bbox 706 1488 869 1552; x_wconf 86' lang='lat' dir='ltr'><strong>Ricardus</strong></span> <span class='ocrx_word' id='word_1_69' title='bbox 901 1488 943 1551; x_wconf 89' lang='lat' dir='ltr'><strong>de</strong></span> <span class='ocrx_word' id='word_1_70' title='bbox 968 1489 1199 1565; x_wconf 90' lang='lat' dir='ltr'><strong>Windleshor&#39;,</strong></span> <span class='ocrx_word' id='word_1_71' title='bbox 1223 1489 1370 1565; x_wconf 74' lang='lat' dir='ltr'><strong>clericus</strong></span> <span class='ocrx_word' id='word_1_72' title='bbox 1395 1511 1466 1571; x_wconf 93' lang='lat' dir='ltr'><strong>pre-</strong></span> 
     </span>
     <span class='ocr_line' id='line_1_9' title="bbox 207 1591 1466 1678; baseline 0.001 -23"><span class='ocrx_word' id='word_1_73' title='bbox 207 1603 357 1657; x_wconf 90' lang='lat' dir='ltr'><strong>sentatus</strong></span> <span class='ocrx_word' id='word_1_74' title='bbox 395 1614 453 1676; x_wconf 93' lang='lat' dir='ltr'><strong>per</strong></span> <span class='ocrx_word' id='word_1_75' title='bbox 491 1592 676 1657; x_wconf 89' lang='lat' dir='ltr'><strong>Gerardum</strong></span> <span class='ocrx_word' id='word_1_76' title='bbox 714 1591 757 1656; x_wconf 94' lang='lat' dir='ltr'><strong>de</strong></span> <span class='ocrx_word' id='word_1_77' title='bbox 797 1591 957 1668; x_wconf 88' lang='lat' dir='ltr'><strong>Husbell&#39;,</strong></span> <span class='ocrx_word' id='word_1_78' title='bbox 991 1593 1141 1678; x_wconf 90' lang='lat' dir='ltr'><strong>militem,</strong></span> <span class='ocrx_word' id='word_1_79' title='bbox 1172 1592 1215 1656; x_wconf 89' lang='lat' dir='ltr'><strong>ad</strong></span> <span class='ocrx_word' id='word_1_80' title='bbox 1251 1593 1466 1657; x_wconf 89' lang='lat' dir='ltr'><strong>medietatem</strong></span> 
     </span>
     <span class='ocr_line' id='line_1_10' title="bbox 206 1696 1468 1780; baseline -0.001 -21"><span class='ocrx_word' id='word_1_81' title='bbox 206 1697 344 1761; x_wconf 86' lang='lat' dir='ltr'><strong>ecclesie</strong></span> <span class='ocrx_word' id='word_1_82' title='bbox 368 1696 411 1760; x_wconf 91' lang='lat' dir='ltr'><strong>de</strong></span> <span class='ocrx_word' id='word_1_83' title='bbox 435 1696 564 1780; x_wconf 88' lang='lat' dir='ltr'><strong>Cleipol</strong></span> <span class='ocrx_word' id='word_1_84' title='bbox 588 1717 690 1779; x_wconf 89' lang='lat' dir='ltr'><strong>quam</strong></span> <span class='ocrx_word' id='word_1_85' title='bbox 717 1696 881 1759; x_wconf 86' lang='lat' dir='ltr'><strong>Ricardus</strong></span> <span class='ocrx_word' id='word_1_86' title='bbox 906 1696 949 1759; x_wconf 90' lang='lat' dir='ltr'><strong>de</strong></span> <span class='ocrx_word' id='word_1_87' title='bbox 975 1696 1122 1772; x_wconf 87' lang='lat' dir='ltr'><strong>Oxonia,</strong></span> <span class='ocrx_word' id='word_1_88' title='bbox 1146 1696 1293 1772; x_wconf 90' lang='lat' dir='ltr'><strong>clericus,</strong></span> <span class='ocrx_word' id='word_1_89' title='bbox 1312 1698 1468 1779; x_wconf 88' lang='lat' dir='ltr'><strong>proximo</strong></span> 
     </span>
     <span class='ocr_line' id='line_1_11' title="bbox 206 1798 1466 1886; baseline -0.001 -24"><span class='ocrx_word' id='word_1_90' title='bbox 206 1802 324 1877; x_wconf 86' lang='lat' dir='ltr'><strong>tenuit,</strong></span> <span class='ocrx_word' id='word_1_91' title='bbox 339 1800 476 1864; x_wconf 88' lang='lat' dir='ltr'><strong>Abbate</strong></span> <span class='ocrx_word' id='word_1_92' title='bbox 494 1811 529 1864; x_wconf 93' lang='lat' dir='ltr'><strong>et</strong></span> <span class='ocrx_word' id='word_1_93' title='bbox 544 1810 710 1886; x_wconf 89' lang='lat' dir='ltr'><strong>conventu</strong></span> <span class='ocrx_word' id='word_1_94' title='bbox 731 1799 774 1863; x_wconf 93' lang='lat' dir='ltr'><strong>de</strong></span> <span class='ocrx_word' id='word_1_95' title='bbox 796 1798 972 1885; x_wconf 89' lang='lat' dir='ltr'><strong>Bardeney</strong></span> <span class='ocrx_word' id='word_1_96' title='bbox 992 1800 1286 1875; x_wconf 70' lang='lat' dir='ltr'><strong>consentientibus</strong></span> <span class='ocrx_word' id='word_1_97' title='bbox 1302 1799 1466 1862; x_wconf 90' lang='lat' dir='ltr'><strong>admissus</strong></span> 
     </span>
     <span class='ocr_line' id='line_1_12' title="bbox 207 1903 1468 1989; baseline -0.002 -22"><span class='ocrx_word' id='word_1_98' title='bbox 207 1914 266 1980; x_wconf 90' lang='lat' dir='ltr'><strong>est,</strong></span> <span class='ocrx_word' id='word_1_99' title='bbox 284 1913 319 1967; x_wconf 92' lang='lat' dir='ltr'><strong>et</strong></span> <span class='ocrx_word' id='word_1_100' title='bbox 342 1904 375 1967; x_wconf 95' lang='lat' dir='ltr'><strong>in</strong></span> <span class='ocrx_word' id='word_1_101' title='bbox 398 1925 438 1967; x_wconf 91' lang='lat' dir='ltr'><strong>ea</strong></span> <span class='ocrx_word' id='word_1_102' title='bbox 461 1905 619 1967; x_wconf 88' lang='lat' dir='ltr'><strong>canonice</strong></span> <span class='ocrx_word' id='word_1_103' title='bbox 644 1924 786 1989; x_wconf 88' lang='lat' dir='ltr'><strong>persona</strong></span> <span class='ocrx_word' id='word_1_104' title='bbox 809 1904 997 1980; x_wconf 91' lang='lat' dir='ltr'><strong>institutus;</strong></span> <span class='ocrx_word' id='word_1_105' title='bbox 1031 1903 1123 1967; x_wconf 89' lang='lat' dir='ltr'><strong>salva</strong></span> <span class='ocrx_word' id='word_1_106' title='bbox 1146 1904 1255 1967; x_wconf 89' lang='lat' dir='ltr'><strong>eidem</strong></span> <span class='ocrx_word' id='word_1_107' title='bbox 1284 1903 1411 1966; x_wconf 83' lang='lat' dir='ltr'><strong>Abbati</strong></span> <span class='ocrx_word' id='word_1_108' title='bbox 1434 1914 1468 1966; x_wconf 92' lang='lat' dir='ltr'><strong>et</strong></span> 
     </span>
     <span class='ocr_line' id='line_1_13' title="bbox 207 2007 1466 2088; baseline 0 -19"><span class='ocrx_word' id='word_1_109' title='bbox 207 2009 385 2071; x_wconf 91' lang='lat' dir='ltr'><strong>conventui</strong></span> <span class='ocrx_word' id='word_1_110' title='bbox 408 2007 522 2071; x_wconf 92' lang='lat' dir='ltr'><strong>debita</strong></span> <span class='ocrx_word' id='word_1_111' title='bbox 548 2018 582 2071; x_wconf 91' lang='lat' dir='ltr'><strong>et</strong></span> <span class='ocrx_word' id='word_1_112' title='bbox 605 2009 743 2088; x_wconf 91' lang='lat' dir='ltr'><strong>antiqua</strong></span> <span class='ocrx_word' id='word_1_113' title='bbox 766 2008 937 2088; x_wconf 86' lang='lat' dir='ltr'><strong>pensione,</strong></span> <span class='ocrx_word' id='word_1_114' title='bbox 961 2018 994 2069; x_wconf 91' lang='lat' dir='ltr'><strong>et</strong></span> <span class='ocrx_word' id='word_1_115' title='bbox 1018 2008 1111 2069; x_wconf 91' lang='lat' dir='ltr'><strong>salvo</strong></span> <span class='ocrx_word' id='word_1_116' title='bbox 1136 2008 1227 2070; x_wconf 91' lang='lat' dir='ltr'><strong>dicto</strong></span> <span class='ocrx_word' id='word_1_117' title='bbox 1253 2007 1399 2070; x_wconf 89' lang='lat' dir='ltr'><strong>Ricardo</strong></span> <span class='ocrx_word' id='word_1_118' title='bbox 1424 2007 1466 2070; x_wconf 91' lang='lat' dir='ltr'><strong>de</strong></span> 
     </span>
     <span class='ocr_line' id='line_1_14' title="bbox 208 2109 1468 2193; baseline -0.002 -18"><span class='ocrx_word' id='word_1_119' title='bbox 208 2111 355 2186; x_wconf 89' lang='lat' dir='ltr'><strong>Oxonia,</strong></span> <span class='ocrx_word' id='word_1_120' title='bbox 374 2112 502 2186; x_wconf 82' lang='lat' dir='ltr'><strong>clericn,</strong></span> <span class='ocrx_word' id='word_1_121' title='bbox 521 2112 685 2192; x_wconf 82' lang='lat' dir='ltr'><strong>wainagio</strong></span> <span class='ocrx_word' id='word_1_122' title='bbox 705 2130 767 2173; x_wconf 91' lang='lat' dir='ltr'><strong>suo</strong></span> <span class='ocrx_word' id='word_1_123' title='bbox 786 2109 829 2173; x_wconf 89' lang='lat' dir='ltr'><strong>de</strong></span> <span class='ocrx_word' id='word_1_124' title='bbox 848 2130 940 2172; x_wconf 92' lang='lat' dir='ltr'><strong>anno</strong></span> <span class='ocrx_word' id='word_1_125' title='bbox 964 2112 1119 2192; x_wconf 83' lang='lat' dir='ltr'><strong>presenti,</strong></span> <span class='ocrx_word' id='word_1_126' title='bbox 1141 2132 1231 2174; x_wconf 93' lang='lat' dir='ltr'><strong>anno</strong></span> <span class='ocrx_word' id='word_1_127' title='bbox 1252 2109 1468 2193; x_wconf 90' lang='lat' dir='ltr'><strong>pontificatus</strong></span> 
     </span>
     <span class='ocr_line' id='line_1_15' title="bbox 207 2211 1466 2297; baseline -0.002 -20"><span class='ocrx_word' id='word_1_128' title='bbox 207 2213 334 2277; x_wconf 91' lang='lat' dir='ltr'><strong>domini</strong></span> <span class='ocrx_word' id='word_1_129' title='bbox 363 2215 521 2297; x_wconf 88' lang='lat' dir='ltr'><strong>Episcopi</strong></span> <span class='ocrx_word' id='word_1_130' title='bbox 553 2211 813 2296; x_wconf 82' lang='lat' dir='ltr'><strong>quartodecimo</strong></span> <span class='ocrx_word' id='word_1_131' title='bbox 863 2214 908 2275; x_wconf 84' lang='lat' dir='ltr'><strong>Et</strong></span> <span class='ocrx_word' id='word_1_132' title='bbox 939 2216 1138 2276; x_wconf 88' lang='lat' dir='ltr'><strong>mandatum</strong></span> <span class='ocrx_word' id='word_1_133' title='bbox 1169 2224 1220 2278; x_wconf 90' lang='lat' dir='ltr'><strong>est</strong></span> <span class='ocrx_word' id='word_1_134' title='bbox 1254 2214 1393 2276; x_wconf 91' lang='lat' dir='ltr'><strong>Decano</strong></span> <span class='ocrx_word' id='word_1_135' title='bbox 1424 2213 1466 2276; x_wconf 93' lang='lat' dir='ltr'><strong>de</strong></span> 
     </span>
     <span class='ocr_line' id='line_1_16' title="bbox 209 2316 1465 2399; baseline -0.003 -17"><span class='ocrx_word' id='word_1_136' title='bbox 209 2318 385 2382; x_wconf 86' lang='lat' dir='ltr'><strong>Stubetun’</strong></span> <span class='ocrx_word' id='word_1_137' title='bbox 404 2316 494 2399; x_wconf 93' lang='lat' dir='ltr'><strong>quod</strong></span> <span class='ocrx_word' id='word_1_138' title='bbox 515 2316 699 2380; x_wconf 93' lang='lat' dir='ltr'><strong>secundum</strong></span> <span class='ocrx_word' id='word_1_139' title='bbox 721 2316 865 2379; x_wconf 87' lang='lat' dir='ltr'><strong>sormam</strong></span> <span class='ocrx_word' id='word_1_140' title='bbox 891 2318 1087 2399; x_wconf 83' lang='lat' dir='ltr'><strong>premissam</strong></span> <span class='ocrx_word' id='word_1_141' title='bbox 1112 2317 1239 2380; x_wconf 91' lang='lat' dir='ltr'><strong>dictum</strong></span> <span class='ocrx_word' id='word_1_142' title='bbox 1266 2318 1465 2399; x_wconf 83' lang='lat' dir='ltr'><strong>Magistrum</strong></span> 
     </span>
     <span class='ocr_line' id='line_1_17' title="bbox 209 2420 778 2497; baseline -0.002 -14"><span class='ocrx_word' id='word_1_143' title='bbox 209 2421 392 2484; x_wconf 88' lang='lat' dir='ltr'><strong>Ricardum</strong></span> <span class='ocrx_word' id='word_1_144' title='bbox 408 2421 451 2483; x_wconf 94' lang='lat' dir='ltr'><strong>de</strong></span> <span class='ocrx_word' id='word_1_145' title='bbox 467 2420 700 2497; x_wconf 83' lang='lat' dir='ltr'><strong>Windleshor’‚</strong></span> <span class='ocrx_word' id='word_1_146' title='bbox 716 2432 778 2483; x_wconf 89' lang='lat' dir='ltr'><strong>etc.</strong></span> 
     </span>
    </p>
   </div>
   <div class='ocr_carea' id='block_1_5' title="bbox 208 2616 1469 2767">
    <p class='ocr_par' dir='ltr' id='par_1_5' title="bbox 208 2616 1469 2767">
     <span class='ocr_line' id='line_1_18' title="bbox 208 2616 1469 2684; baseline -0.002 -15"><span class='ocrx_word' id='word_1_147' title='bbox 208 2617 323 2683; x_wconf 81' lang='lat' dir='ltr'><strong>[Robert</strong></span> <span class='ocrx_word' id='word_1_148' title='bbox 339 2619 374 2669; x_wconf 86' lang='lat' dir='ltr'><strong>de</strong></span> <span class='ocrx_word' id='word_1_149' title='bbox 389 2616 539 2684; x_wconf 78' lang='lat' dir='ltr'><strong>Kelleshey‚</strong></span> <span class='ocrx_word' id='word_1_150' title='bbox 558 2616 696 2683; x_wconf 77' lang='lat' dir='ltr'><strong>cheplain,</strong></span> <span class='ocrx_word' id='word_1_151' title='bbox 704 2616 854 2683; x_wconf 74' lang='lat' dir='ltr'><strong>presented</strong></span> <span class='ocrx_word' id='word_1_152' title='bbox 867 2616 901 2683; x_wconf 85' lang='lat' dir='ltr'><strong>by</strong></span> <span class='ocrx_word' id='word_1_153' title='bbox 916 2616 962 2668; x_wconf 80' lang='lat' dir='ltr'><strong>tie</strong></span> <span class='ocrx_word' id='word_1_154' title='bbox 976 2617 1063 2669; x_wconf 74' lang='lat' dir='ltr'><strong>Prior</strong></span> <span class='ocrx_word' id='word_1_155' title='bbox 1072 2616 1133 2669; x_wconf 74' lang='lat' dir='ltr'><strong>ared</strong></span> <span class='ocrx_word' id='word_1_156' title='bbox 1150 2616 1275 2669; x_wconf 85' lang='lat' dir='ltr'><strong>Convent</strong></span> <span class='ocrx_word' id='word_1_157' title='bbox 1291 2617 1326 2683; x_wconf 83' lang='lat' dir='ltr'><strong>es</strong></span> <span class='ocrx_word' id='word_1_158' title='bbox 1340 2616 1469 2675; x_wconf 80' lang='lat' dir='ltr'><strong>Elsiam,</strong></span> 
     </span>
     <span class='ocr_line' id='line_1_19' title="bbox 273 2698 913 2767; baseline 0 -16"><span class='ocrx_word' id='word_1_159' title='bbox 273 2701 299 2751; x_wconf 87' lang='lat' dir='ltr'><strong>is</strong></span> <span class='ocrx_word' id='word_1_160' title='bbox 309 2700 456 2751; x_wconf 82' lang='lat' dir='ltr'><strong>instituted</strong></span> <span class='ocrx_word' id='word_1_161' title='bbox 463 2700 545 2751; x_wconf 85' lang='lat' dir='ltr'><em>vicar</em></span> <span class='ocrx_word' id='word_1_162' title='bbox 553 2699 588 2767; x_wconf 85' lang='lat' dir='ltr'><strong>os</strong></span> <span class='ocrx_word' id='word_1_163' title='bbox 595 2698 702 2760; x_wconf 73' lang='lat' dir='ltr'><strong>Kirkby</strong></span> <span class='ocrx_word' id='word_1_164' title='bbox 713 2701 753 2751; x_wconf 82' lang='lat' dir='ltr'><strong>st.</strong></span> <span class='ocrx_word' id='word_1_165' title='bbox 765 2698 913 2763; x_wconf 70' lang='lat' dir='ltr'><strong>Antium]</strong></span> 
     </span>
    </p>
   </div>
   <div class='ocr_carea' id='block_1_6' title="bbox 209 2826 1472 4151">
    <p class='ocr_par' dir='ltr' id='par_1_6' title="bbox 209 2826 1472 4151">
     <span class='ocr_line' id='line_1_20' title="bbox 299 2826 1469 2910; baseline 0 -22"><span class='ocrx_word' id='word_1_166' title='bbox 299 2827 699 2890; x_wconf 80' lang='lat' dir='ltr'><strong>KIRKEBv.-R0bertus</strong></span> <span class='ocrx_word' id='word_1_167' title='bbox 724 2827 766 2890; x_wconf 90' lang='lat' dir='ltr'><strong>de</strong></span> <span class='ocrx_word' id='word_1_168' title='bbox 793 2826 983 2908; x_wconf 91' lang='lat' dir='ltr'><strong>Kelleshey‚</strong></span> <span class='ocrx_word' id='word_1_169' title='bbox 1008 2826 1233 2910; x_wconf 67' lang='lat' dir='ltr'><strong>cappellanus</strong></span> <span class='ocrx_word' id='word_1_170' title='bbox 1260 2836 1469 2909; x_wconf 86' lang='lat' dir='ltr'><strong>presentatus</strong></span> 
     </span>
     <span class='ocr_line' id='line_1_21' title="bbox 209 2929 1468 3013; baseline -0.001 -20"><span class='ocrx_word' id='word_1_171' title='bbox 209 2952 270 3012; x_wconf 90' lang='lat' dir='ltr'><strong>per</strong></span> <span class='ocrx_word' id='word_1_172' title='bbox 294 2931 442 2993; x_wconf 91' lang='lat' dir='ltr'><strong>Priorem</strong></span> <span class='ocrx_word' id='word_1_173' title='bbox 466 2939 500 2993; x_wconf 91' lang='lat' dir='ltr'><strong>et</strong></span> <span class='ocrx_word' id='word_1_174' title='bbox 524 2941 726 2993; x_wconf 90' lang='lat' dir='ltr'><strong>conventum</strong></span> <span class='ocrx_word' id='word_1_175' title='bbox 754 2929 796 2993; x_wconf 94' lang='lat' dir='ltr'><strong>de</strong></span> <span class='ocrx_word' id='word_1_176' title='bbox 821 2930 994 2993; x_wconf 91' lang='lat' dir='ltr'><strong>Ellesham</strong></span> <span class='ocrx_word' id='word_1_177' title='bbox 1022 2930 1066 2992; x_wconf 91' lang='lat' dir='ltr'><strong>ad</strong></span> <span class='ocrx_word' id='word_1_178' title='bbox 1090 2941 1286 3013; x_wconf 90' lang='lat' dir='ltr'><strong>perpetuam</strong></span> <span class='ocrx_word' id='word_1_179' title='bbox 1311 2931 1468 2992; x_wconf 88' lang='lat' dir='ltr'><strong>vicariam</strong></span> 
     </span>
     <span class='ocr_line' id='line_1_22' title="bbox 209 3032 1468 3114; baseline -0.001 -18"><span class='ocrx_word' id='word_1_180' title='bbox 209 3033 350 3096; x_wconf 88' lang='lat' dir='ltr'><strong>ecclesie</strong></span> <span class='ocrx_word' id='word_1_181' title='bbox 388 3032 431 3095; x_wconf 90' lang='lat' dir='ltr'><strong>de</strong></span> <span class='ocrx_word' id='word_1_182' title='bbox 470 3032 623 3114; x_wconf 87' lang='lat' dir='ltr'><strong>Kirkeby</strong></span> <span class='ocrx_word' id='word_1_183' title='bbox 662 3034 696 3095; x_wconf 90' lang='lat' dir='ltr'><strong>in</strong></span> <span class='ocrx_word' id='word_1_184' title='bbox 738 3033 1022 3095; x_wconf 87' lang='lat' dir='ltr'><strong>Archidiaconatu</strong></span> <span class='ocrx_word' id='word_1_185' title='bbox 1063 3034 1244 3109; x_wconf 89' lang='lat' dir='ltr'><strong>Lincolnie,</strong></span> <span class='ocrx_word' id='word_1_186' title='bbox 1281 3033 1468 3096; x_wconf 89' lang='lat' dir='ltr'><strong>ordinatam</strong></span> 
     </span>
     <span class='ocr_line' id='line_1_23' title="bbox 209 3136 1471 3220; baseline 0.001 -21"><span class='ocrx_word' id='word_1_187' title='bbox 209 3138 411 3220; x_wconf 89' lang='lat' dir='ltr'><strong>auctoritate</strong></span> <span class='ocrx_word' id='word_1_188' title='bbox 435 3137 584 3211; x_wconf 85' lang='lat' dir='ltr'><strong>Concilii,</strong></span> <span class='ocrx_word' id='word_1_189' title='bbox 611 3147 709 3219; x_wconf 91' lang='lat' dir='ltr'><strong>prout</strong></span> <span class='ocrx_word' id='word_1_190' title='bbox 732 3138 765 3199; x_wconf 93' lang='lat' dir='ltr'><strong>in</strong></span> <span class='ocrx_word' id='word_1_191' title='bbox 794 3137 910 3199; x_wconf 92' lang='lat' dir='ltr'><strong>rotulis</strong></span> <span class='ocrx_word' id='word_1_192' title='bbox 934 3136 1169 3200; x_wconf 90' lang='lat' dir='ltr'><strong>Archidiaconi</strong></span> <span class='ocrx_word' id='word_1_193' title='bbox 1193 3138 1389 3213; x_wconf 87' lang='lat' dir='ltr'><strong>continetur,</strong></span> <span class='ocrx_word' id='word_1_194' title='bbox 1413 3137 1471 3200; x_wconf 90' lang='lat' dir='ltr'><strong>ad-</strong></span> 
     </span>
     <span class='ocr_line' id='line_1_24' title="bbox 211 3240 1470 3323; baseline -0.001 -21"><span class='ocrx_word' id='word_1_195' title='bbox 211 3242 334 3303; x_wconf 91' lang='lat' dir='ltr'><strong>missus</strong></span> <span class='ocrx_word' id='word_1_196' title='bbox 362 3251 422 3316; x_wconf 88' lang='lat' dir='ltr'><strong>est,</strong></span> <span class='ocrx_word' id='word_1_197' title='bbox 451 3250 485 3302; x_wconf 92' lang='lat' dir='ltr'><strong>et</strong></span> <span class='ocrx_word' id='word_1_198' title='bbox 513 3240 653 3302; x_wconf 90' lang='lat' dir='ltr'><strong>vicarius</strong></span> <span class='ocrx_word' id='word_1_199' title='bbox 681 3250 862 3323; x_wconf 89' lang='lat' dir='ltr'><strong>perpetuus</strong></span> <span class='ocrx_word' id='word_1_200' title='bbox 891 3241 1072 3316; x_wconf 70' lang='lat' dir='ltr'><strong>institutus</strong></span> <span class='ocrx_word' id='word_1_201' title='bbox 1095 3262 1171 3303; x_wconf 90' lang='lat' dir='ltr'><strong>curn</strong></span> <span class='ocrx_word' id='word_1_202' title='bbox 1199 3262 1299 3303; x_wconf 91' lang='lat' dir='ltr'><strong>onere</strong></span> <span class='ocrx_word' id='word_1_203' title='bbox 1326 3251 1360 3303; x_wconf 84' lang='lat' dir='ltr'><strong>et</strong></span> <span class='ocrx_word' id='word_1_204' title='bbox 1384 3260 1470 3322; x_wconf 90' lang='lat' dir='ltr'><strong>pena</strong></span> 
     </span>
     <span class='ocr_line' id='line_1_25' title="bbox 211 3342 1470 3426; baseline -0.002 -20"><span class='ocrx_word' id='word_1_205' title='bbox 211 3344 419 3406; x_wconf 90' lang='lat' dir='ltr'><strong>vicariorum.</strong></span> <span class='ocrx_word' id='word_1_206' title='bbox 466 3342 692 3425; x_wconf 87' lang='lat' dir='ltr'><strong>Cappellanus</strong></span> <span class='ocrx_word' id='word_1_207' title='bbox 704 3353 817 3406; x_wconf 88' lang='lat' dir='ltr'><strong>autem</strong></span> <span class='ocrx_word' id='word_1_208' title='bbox 830 3344 980 3425; x_wconf 90' lang='lat' dir='ltr'><strong>cappelle</strong></span> <span class='ocrx_word' id='word_1_209' title='bbox 996 3344 1038 3407; x_wconf 92' lang='lat' dir='ltr'><strong>de</strong></span> <span class='ocrx_word' id='word_1_210' title='bbox 1051 3345 1207 3426; x_wconf 83' lang='lat' dir='ltr'><strong>Oseleby,</strong></span> <span class='ocrx_word' id='word_1_211' title='bbox 1217 3346 1268 3407; x_wconf 88' lang='lat' dir='ltr'><strong>cui</strong></span> <span class='ocrx_word' id='word_1_212' title='bbox 1281 3344 1470 3426; x_wconf 88' lang='lat' dir='ltr'><strong>parochiani</strong></span> 
     </span>
     <span class='ocr_line' id='line_1_26' title="bbox 210 3446 1470 3531; baseline -0.001 -22"><span class='ocrx_word' id='word_1_213' title='bbox 210 3447 364 3527; x_wconf 90' lang='lat' dir='ltr'><strong>ejusdem</strong></span> <span class='ocrx_word' id='word_1_214' title='bbox 382 3446 534 3529; x_wconf 91' lang='lat' dir='ltr'><strong>cappelle</strong></span> <span class='ocrx_word' id='word_1_215' title='bbox 551 3468 610 3529; x_wconf 95' lang='lat' dir='ltr'><strong>pro</strong></span> <span class='ocrx_word' id='word_1_216' title='bbox 627 3446 801 3528; x_wconf 88' lang='lat' dir='ltr'><strong>stipendiis</strong></span> <span class='ocrx_word' id='word_1_217' title='bbox 816 3448 884 3508; x_wconf 92' lang='lat' dir='ltr'><strong>suis</strong></span> <span class='ocrx_word' id='word_1_218' title='bbox 901 3468 962 3510; x_wconf 89' lang='lat' dir='ltr'><strong>sex</strong></span> <span class='ocrx_word' id='word_1_219' title='bbox 978 3450 1143 3529; x_wconf 88' lang='lat' dir='ltr'><strong>quarteria</strong></span> <span class='ocrx_word' id='word_1_220' title='bbox 1159 3448 1297 3531; x_wconf 87' lang='lat' dir='ltr'><strong>siliginis</strong></span> <span class='ocrx_word' id='word_1_221' title='bbox 1318 3458 1351 3511; x_wconf 91' lang='lat' dir='ltr'><strong>et</strong></span> <span class='ocrx_word' id='word_1_222' title='bbox 1367 3468 1470 3509; x_wconf 92' lang='lat' dir='ltr'><strong>unum</strong></span> 
     </span>
     <span class='ocr_line' id='line_1_27' title="bbox 212 3549 1470 3633; baseline 0 -20"><span class='ocrx_word' id='word_1_223' title='bbox 212 3572 318 3615; x_wconf 90' lang='lat' dir='ltr'><strong>avene</strong></span> <span class='ocrx_word' id='word_1_224' title='bbox 345 3552 520 3613; x_wconf 90' lang='lat' dir='ltr'><strong>annuatim</strong></span> <span class='ocrx_word' id='word_1_225' title='bbox 546 3551 735 3633; x_wconf 89' lang='lat' dir='ltr'><strong>persolvent</strong></span> <span class='ocrx_word' id='word_1_226' title='bbox 762 3549 804 3613; x_wconf 91' lang='lat' dir='ltr'><strong>ad</strong></span> <span class='ocrx_word' id='word_1_227' title='bbox 830 3551 951 3614; x_wconf 87' lang='lat' dir='ltr'><strong>festum</strong></span> <span class='ocrx_word' id='word_1_228' title='bbox 977 3552 1091 3616; x_wconf 85' lang='lat' dir='ltr'><strong>Sancti</strong></span> <span class='ocrx_word' id='word_1_229' title='bbox 1114 3553 1296 3629; x_wconf 66' lang='lat' dir='ltr'><strong>Michaelis</strong></span> <span class='ocrx_word' id='word_1_230' title='bbox 1312 3554 1358 3615; x_wconf 89' lang='lat' dir='ltr'><strong>ita</strong></span> <span class='ocrx_word' id='word_1_231' title='bbox 1381 3551 1470 3633; x_wconf 92' lang='lat' dir='ltr'><strong>quod</strong></span> 
     </span>
     <span class='ocr_line' id='line_1_28' title="bbox 212 3653 1472 3737; baseline 0 -22"><span class='ocrx_word' id='word_1_232' title='bbox 212 3653 238 3716; x_wconf 87' lang='lat' dir='ltr'><strong>si</strong></span> <span class='ocrx_word' id='word_1_233' title='bbox 260 3654 361 3717; x_wconf 87' lang='lat' dir='ltr'><strong>iidem</strong></span> <span class='ocrx_word' id='word_1_234' title='bbox 388 3654 580 3736; x_wconf 89' lang='lat' dir='ltr'><strong>parochiani</strong></span> <span class='ocrx_word' id='word_1_235' title='bbox 600 3675 620 3716; x_wconf 89' lang='lat' dir='ltr'><strong>a</strong></span> <span class='ocrx_word' id='word_1_236' title='bbox 640 3654 730 3716; x_wconf 89' lang='lat' dir='ltr'><strong>dicta</strong></span> <span class='ocrx_word' id='word_1_237' title='bbox 753 3654 920 3717; x_wconf 91' lang='lat' dir='ltr'><strong>solutione</strong></span> <span class='ocrx_word' id='word_1_238' title='bbox 945 3665 1084 3732; x_wconf 81' lang='lat' dir='ltr'><strong>cessent,</strong></span> <span class='ocrx_word' id='word_1_239' title='bbox 1105 3667 1212 3719; x_wconf 90' lang='lat' dir='ltr'><strong>cesset</strong></span> <span class='ocrx_word' id='word_1_240' title='bbox 1235 3655 1325 3718; x_wconf 87' lang='lat' dir='ltr'><strong>dicta</strong></span> <span class='ocrx_word' id='word_1_241' title='bbox 1344 3654 1472 3737; x_wconf 88' lang='lat' dir='ltr'><strong>capella</strong></span> 
     </span>
     <span class='ocr_line' id='line_1_29' title="bbox 214 3758 1469 3841; baseline 0 -22"><span class='ocrx_word' id='word_1_242' title='bbox 214 3759 347 3839; x_wconf 91' lang='lat' dir='ltr'><strong>penitus</strong></span> <span class='ocrx_word' id='word_1_243' title='bbox 370 3779 389 3820; x_wconf 91' lang='lat' dir='ltr'><strong>a</strong></span> <span class='ocrx_word' id='word_1_244' title='bbox 408 3758 539 3833; x_wconf 83' lang='lat' dir='ltr'><strong>divinis,</strong></span> <span class='ocrx_word' id='word_1_245' title='bbox 562 3758 777 3840; x_wconf 91' lang='lat' dir='ltr'><strong>respondebit</strong></span> <span class='ocrx_word' id='word_1_246' title='bbox 797 3768 831 3819; x_wconf 89' lang='lat' dir='ltr'><strong>et</strong></span> <span class='ocrx_word' id='word_1_247' title='bbox 852 3758 1003 3821; x_wconf 87' lang='lat' dir='ltr'><strong>intendet</strong></span> <span class='ocrx_word' id='word_1_248' title='bbox 1022 3758 1181 3841; x_wconf 90' lang='lat' dir='ltr'><strong>quamdiu</strong></span> <span class='ocrx_word' id='word_1_249' title='bbox 1203 3759 1416 3822; x_wconf 85' lang='lat' dir='ltr'><strong>celebraverit</strong></span> <span class='ocrx_word' id='word_1_250' title='bbox 1438 3758 1469 3819; x_wconf 91' lang='lat' dir='ltr'><strong>in</strong></span> 
     </span>
     <span class='ocr_line' id='line_1_30' title="bbox 212 3860 1471 3943; baseline -0.002 -19"><span class='ocrx_word' id='word_1_251' title='bbox 212 3862 332 3924; x_wconf 90' lang='lat' dir='ltr'><strong>eadem</strong></span> <span class='ocrx_word' id='word_1_252' title='bbox 352 3860 503 3943; x_wconf 86' lang='lat' dir='ltr'><strong>cappella</strong></span> <span class='ocrx_word' id='word_1_253' title='bbox 519 3861 575 3942; x_wconf 91' lang='lat' dir='ltr'><strong>qui</strong></span> <span class='ocrx_word' id='word_1_254' title='bbox 593 3881 653 3943; x_wconf 90' lang='lat' dir='ltr'><strong>pro</strong></span> <span class='ocrx_word' id='word_1_255' title='bbox 669 3871 820 3942; x_wconf 91' lang='lat' dir='ltr'><strong>tempore</strong></span> <span class='ocrx_word' id='word_1_256' title='bbox 840 3860 987 3923; x_wconf 87' lang='lat' dir='ltr'><strong>fueritin</strong></span> <span class='ocrx_word' id='word_1_257' title='bbox 1006 3861 1145 3924; x_wconf 90' lang='lat' dir='ltr'><strong>ecclesia</strong></span> <span class='ocrx_word' id='word_1_258' title='bbox 1160 3862 1203 3925; x_wconf 94' lang='lat' dir='ltr'><strong>de</strong></span> <span class='ocrx_word' id='word_1_259' title='bbox 1220 3862 1379 3943; x_wconf 87' lang='lat' dir='ltr'><strong>Kirkeby.</strong></span> <span class='ocrx_word' id='word_1_260' title='bbox 1427 3860 1471 3922; x_wconf 89' lang='lat' dir='ltr'><strong>Et</strong></span> 
     </span>
     <span class='ocr_line' id='line_1_31' title="bbox 211 3963 1471 4048; baseline -0.001 -21"><span class='ocrx_word' id='word_1_261' title='bbox 211 3965 403 4045; x_wconf 88' lang='lat' dir='ltr'><strong>injunctum</strong></span> <span class='ocrx_word' id='word_1_262' title='bbox 417 3975 469 4027; x_wconf 91' lang='lat' dir='ltr'><strong>est</strong></span> <span class='ocrx_word' id='word_1_263' title='bbox 483 3964 622 4027; x_wconf 90' lang='lat' dir='ltr'><strong>Decano</strong></span> <span class='ocrx_word' id='word_1_264' title='bbox 636 3963 817 4028; x_wconf 92' lang='lat' dir='ltr'><strong>Lincolnie.</strong></span> <span class='ocrx_word' id='word_1_265' title='bbox 868 3964 924 4047; x_wconf 87' lang='lat' dir='ltr'><strong>[In</strong></span> <span class='ocrx_word' id='word_1_266' title='bbox 935 3965 987 4027; x_wconf 82' lang='lat' dir='ltr'><strong>tlie</strong></span> <span class='ocrx_word' id='word_1_267' title='bbox 999 3966 1205 4048; x_wconf 66' lang='lat' dir='ltr'><strong>relargen.·—]</strong></span> <span class='ocrx_word' id='word_1_268' title='bbox 1219 3966 1295 4028; x_wconf 89' lang='lat' dir='ltr'><strong>Non</strong></span> <span class='ocrx_word' id='word_1_269' title='bbox 1309 3966 1471 4029; x_wconf 92' lang='lat' dir='ltr'><strong>habemus</strong></span> 
     </span>
     <span class='ocr_line' id='line_1_32' title="bbox 212 4069 948 4151; baseline 0 -20"><span class='ocrx_word' id='word_1_270' title='bbox 212 4070 343 4131; x_wconf 87' lang='lat' dir='ltr'><strong>litteras</strong></span> <span class='ocrx_word' id='word_1_271' title='bbox 359 4069 622 4151; x_wconf 89' lang='lat' dir='ltr'><strong>presentationis</strong></span> <span class='ocrx_word' id='word_1_272' title='bbox 639 4089 700 4131; x_wconf 91' lang='lat' dir='ltr'><strong>nec</strong></span> <span class='ocrx_word' id='word_1_273' title='bbox 716 4069 948 4149; x_wconf 90' lang='lat' dir='ltr'><strong>inquisitionis.</strong></span> 
     </span>
    </p>
   </div>
   <div class='ocr_carea' id='block_1_7' title="bbox 212 4255 1477 4404">
    <p class='ocr_par' dir='ltr' id='par_1_7' title="bbox 212 4255 1477 4404">
     <span class='ocr_line' id='line_1_33' title="bbox 212 4255 1477 4387; baseline -0.001 -80"><span class='ocrx_word' id='word_1_274' title='bbox 212 4256 325 4324; x_wconf 61' lang='lat' dir='ltr'><strong>[Regu.</strong></span> <span class='ocrx_word' id='word_1_275' title='bbox 352 4256 492 4387; x_wconf 57' lang='lat' dir='ltr'><strong>cnapimp,</strong></span> <span class='ocrx_word' id='word_1_276' title='bbox 506 4255 658 4322; x_wconf 78' lang='lat' dir='ltr'><strong>presented</strong></span> <span class='ocrx_word' id='word_1_277' title='bbox 675 4256 707 4316; x_wconf 78' lang='lat' dir='ltr'><strong>br</strong></span> <span class='ocrx_word' id='word_1_278' title='bbox 733 4255 833 4308; x_wconf 81' lang='lat' dir='ltr'><strong>Robert</strong></span> <span class='ocrx_word' id='word_1_279' title='bbox 849 4255 981 4323; x_wconf 76' lang='lat' dir='ltr'><strong>Bardnls¹</strong></span> <span class='ocrx_word' id='word_1_280' title='bbox 1005 4258 1030 4308; x_wconf 83' lang='lat' dir='ltr'><strong>is</strong></span> <span class='ocrx_word' id='word_1_281' title='bbox 1049 4257 1194 4309; x_wconf 80' lang='lat' dir='ltr'><strong>instituted</strong></span> <span class='ocrx_word' id='word_1_282' title='bbox 1209 4262 1236 4310; x_wconf 86' lang='lat' dir='ltr'><strong>to</strong></span> <span class='ocrx_word' id='word_1_283' title='bbox 1257 4256 1303 4309; x_wconf 80' lang='lat' dir='ltr'><strong>tie</strong></span> <span class='ocrx_word' id='word_1_284' title='bbox 1324 4256 1421 4324; x_wconf 77' lang='lat' dir='ltr'><strong>cnapel</strong></span> <span class='ocrx_word' id='word_1_285' title='bbox 1442 4258 1477 4323; x_wconf 88' lang='lat' dir='ltr'><strong>es</strong></span> 
     </span>
     <span class='ocr_line' id='line_1_34' title="bbox 297 4337 541 4404; baseline -0.008 -15"><span class='ocrx_word' id='word_1_286' title='bbox 297 4337 388 4389; x_wconf 83' lang='lat' dir='ltr'><strong>Castle</strong></span> <span class='ocrx_word' id='word_1_287' title='bbox 407 4337 541 4404; x_wconf 80' lang='lat' dir='ltr'><strong>Carion]</strong></span> 
     </span>
    </p>
   </div>
   <div class='ocr_carea' id='block_1_8' title="bbox 303 4463 1521 4548">
    <p class='ocr_par' dir='ltr' id='par_1_8' title="bbox 303 4463 1521 4548">
     <span class='ocr_line' id='line_1_35' title="bbox 303 4463 1521 4548; baseline 0 -22"><span class='ocrx_word' id='word_1_288' title='bbox 303 4464 736 4544; x_wconf 83' lang='lat' dir='ltr'><strong>KARLETON&#39;.-Rogerus</strong></span> <span class='ocrx_word' id='word_1_289' title='bbox 763 4463 900 4546; x_wconf 82' lang='lat' dir='ltr'><strong>[blank],</strong></span> <span class='ocrx_word' id='word_1_290' title='bbox 927 4465 1151 4547; x_wconf 69' lang='lat' dir='ltr'><strong>cappellanus</strong></span> <span class='ocrx_word' id='word_1_291' title='bbox 1177 4476 1387 4548; x_wconf 86' lang='lat' dir='ltr'><strong>presentatus</strong></span> <span class='ocrx_word' id='word_1_292' title='bbox 1414 4484 1472 4545; x_wconf 94' lang='lat' dir='ltr'><strong>per</strong></span> <span class='ocrx_word' id='word_1_293' title='bbox 1515 4484 1521 4495; x_wconf 95' lang='lat'><strong>·</strong></span> 
     </span>
    </p>
   </div>
   <div class='ocr_carea' id='block_1_9' title="bbox 212 4583 1471 5081">
    <p class='ocr_par' dir='ltr' id='par_1_9' title="bbox 212 4583 1471 5081">
     <span class='ocr_line' id='line_1_36' title="bbox 215 4583 1471 4668; baseline -0.001 -21"><span class='ocrx_word' id='word_1_294' title='bbox 215 4585 403 4649; x_wconf 88' lang='lat' dir='ltr'><strong>Robertum</strong></span> <span class='ocrx_word' id='word_1_295' title='bbox 426 4583 568 4647; x_wconf 81' lang='lat' dir='ltr'><strong>Barduli</strong></span> <span class='ocrx_word' id='word_1_296' title='bbox 585 4585 627 4647; x_wconf 90' lang='lat' dir='ltr'><strong>ad</strong></span> <span class='ocrx_word' id='word_1_297' title='bbox 653 4585 839 4667; x_wconf 90' lang='lat' dir='ltr'><strong>cappellam</strong></span> <span class='ocrx_word' id='word_1_298' title='bbox 860 4586 905 4649; x_wconf 90' lang='lat' dir='ltr'><strong>de</strong></span> <span class='ocrx_word' id='word_1_299' title='bbox 931 4585 1113 4661; x_wconf 87' lang='lat' dir='ltr'><strong>Karleton&#39;‚</strong></span> <span class='ocrx_word' id='word_1_300' title='bbox 1138 4586 1226 4649; x_wconf 83' lang='lat' dir='ltr'><strong>facta</strong></span> <span class='ocrx_word' id='word_1_301' title='bbox 1251 4588 1340 4668; x_wconf 93' lang='lat' dir='ltr'><strong>prius</strong></span> <span class='ocrx_word' id='word_1_302' title='bbox 1365 4586 1471 4667; x_wconf 92' lang='lat' dir='ltr'><strong>inqui-</strong></span> 
     </span>
     <span class='ocr_line' id='line_1_37' title="bbox 212 4688 1471 4770; baseline 0 -19"><span class='ocrx_word' id='word_1_303' title='bbox 212 4689 335 4768; x_wconf 84' lang='lat' dir='ltr'><strong>sitione</strong></span> <span class='ocrx_word' id='word_1_304' title='bbox 365 4709 424 4770; x_wconf 92' lang='lat' dir='ltr'><strong>per</strong></span> <span class='ocrx_word' id='word_1_305' title='bbox 451 4688 514 4763; x_wconf 70' lang='lat' dir='ltr'><strong>W„</strong></span> <span class='ocrx_word' id='word_1_306' title='bbox 546 4688 831 4767; x_wconf 84' lang='lat' dir='ltr'><strong>Archidiaconum</strong></span> <span class='ocrx_word' id='word_1_307' title='bbox 864 4688 1046 4765; x_wconf 86' lang='lat' dir='ltr'><strong>Lincolnie,</strong></span> <span class='ocrx_word' id='word_1_308' title='bbox 1069 4701 1140 4765; x_wconf 77' lang='lat' dir='ltr'><strong>etc,</strong></span> <span class='ocrx_word' id='word_1_309' title='bbox 1163 4691 1329 4753; x_wconf 91' lang='lat' dir='ltr'><strong>admissus</strong></span> <span class='ocrx_word' id='word_1_310' title='bbox 1355 4700 1415 4764; x_wconf 89' lang='lat' dir='ltr'><strong>est,</strong></span> <span class='ocrx_word' id='word_1_311' title='bbox 1437 4700 1471 4751; x_wconf 89' lang='lat' dir='ltr'><strong>et</strong></span> 
     </span>
     <span class='ocr_line' id='line_1_38' title="bbox 214 4780 1470 4873; baseline 0.001 -20"><span class='ocrx_word' id='word_1_312' title='bbox 214 4811 359 4873; x_wconf 89' lang='lat' dir='ltr'><strong>persona</strong></span> <span class='ocrx_word' id='word_1_313' title='bbox 385 4793 568 4866; x_wconf 90' lang='lat' dir='ltr'><strong>institutus,</strong></span> <span class='ocrx_word' id='word_1_314' title='bbox 598 4811 674 4854; x_wconf 90' lang='lat' dir='ltr'><strong>curn</strong></span> <span class='ocrx_word' id='word_1_315' title='bbox 706 4811 807 4855; x_wconf 92' lang='lat' dir='ltr'><strong>onere</strong></span> <span class='ocrx_word' id='word_1_316' title='bbox 837 4793 872 4855; x_wconf 89' lang='lat' dir='ltr'><strong>in</strong></span> <span class='ocrx_word' id='word_1_317' title='bbox 896 4792 1013 4855; x_wconf 89' lang='lat' dir='ltr'><strong>eadem</strong></span> <span class='ocrx_word' id='word_1_318' title='bbox 1039 4793 1216 4870; x_wconf 90' lang='lat' dir='ltr'><strong>residendi,</strong></span> <span class='ocrx_word' id='word_1_319' title='bbox 1239 4780 1273 4857; x_wconf 87' lang='lat' dir='ltr'><strong>et</strong></span> <span class='ocrx_word' id='word_1_320' title='bbox 1302 4792 1411 4857; x_wconf 90' lang='lat' dir='ltr'><strong>eidem</strong></span> <span class='ocrx_word' id='word_1_321' title='bbox 1437 4793 1470 4855; x_wconf 96' lang='lat' dir='ltr'><strong>in</strong></span> 
     </span>
     <span class='ocr_line' id='line_1_39' title="bbox 215 4894 1471 4975; baseline 0.002 -18"><span class='ocrx_word' id='word_1_322' title='bbox 215 4894 326 4957; x_wconf 88' lang='lat' dir='ltr'><strong>officio</strong></span> <span class='ocrx_word' id='word_1_323' title='bbox 337 4895 535 4958; x_wconf 87' lang='lat' dir='ltr'><strong>sacerdotali</strong></span> <span class='ocrx_word' id='word_1_324' title='bbox 549 4894 769 4958; x_wconf 87' lang='lat' dir='ltr'><strong>deserviendi.</strong></span> <span class='ocrx_word' id='word_1_325' title='bbox 803 4895 848 4957; x_wconf 92' lang='lat' dir='ltr'><strong>Et</strong></span> <span class='ocrx_word' id='word_1_326' title='bbox 860 4895 1046 4975; x_wconf 89' lang='lat' dir='ltr'><strong>injunctum</strong></span> <span class='ocrx_word' id='word_1_327' title='bbox 1062 4895 1200 4959; x_wconf 92' lang='lat' dir='ltr'><strong>Decano</strong></span> <span class='ocrx_word' id='word_1_328' title='bbox 1211 4896 1255 4959; x_wconf 90' lang='lat' dir='ltr'><strong>de</strong></span> <span class='ocrx_word' id='word_1_329' title='bbox 1268 4896 1471 4973; x_wconf 88' lang='lat' dir='ltr'><strong>Kalkewell’,</strong></span> 
     </span>
     <span class='ocr_line' id='line_1_40' title="bbox 216 4997 1447 5081; baseline 0.001 -20"><span class='ocrx_word' id='word_1_330' title='bbox 216 5008 277 5061; x_wconf 87' lang='lat' dir='ltr'><strong>etc.</strong></span> <span class='ocrx_word' id='word_1_331' title='bbox 323 4997 380 5080; x_wconf 88' lang='lat' dir='ltr'><strong>[In</strong></span> <span class='ocrx_word' id='word_1_332' title='bbox 396 4998 449 5061; x_wconf 78' lang='lat' dir='ltr'><strong>tlte</strong></span> <span class='ocrx_word' id='word_1_333' title='bbox 464 4997 671 5079; x_wconf 80' lang='lat' dir='ltr'><strong>margin:-]</strong></span> <span class='ocrx_word' id='word_1_334' title='bbox 688 4998 803 5061; x_wconf 87' lang='lat' dir='ltr'><strong>Faciet</strong></span> <span class='ocrx_word' id='word_1_335' title='bbox 819 4998 916 5061; x_wconf 89' lang='lat' dir='ltr'><strong>nobis</strong></span> <span class='ocrx_word' id='word_1_336' title='bbox 931 4998 1054 5061; x_wconf 87' lang='lat' dir='ltr'><strong>habere</strong></span> <span class='ocrx_word' id='word_1_337' title='bbox 1072 4999 1199 5077; x_wconf 87' lang='lat' dir='ltr'><strong>litteras</strong></span> <span class='ocrx_word' id='word_1_338' title='bbox 1216 5000 1447 5081; x_wconf 85' lang='lat' dir='ltr'><strong>inquisitionis.</strong></span> 
     </span>
    </p>
   </div>
   <div class='ocr_carea' id='block_1_10' title="bbox 0 0 1789 5692">
    <p class='ocr_par' dir='ltr' id='par_1_10' title="bbox 0 0 1789 5692">
     <span class='ocr_line' id='line_1_41' title="bbox 0 0 1789 5692; baseline 0 0"><span class='ocrx_word' id='word_1_339' title='bbox 0 0 1789 5692; x_wconf 95' lang='lat' dir='ltr'><strong> </strong></span> 
     </span>
    </p>
   </div>
  </div>
 </body>
</html>
