3550 5692
585 539 764 635 Episcopi
779 538 1061 612 Lincolniense's.
1430 561 1476 632 15

220 777 366 842 [Nicnolas
386 776 420 828 de
442 774 597 842 Pickeferd
620 773 758 841 creptam,
776 774 928 840 presented
946 775 1195 842 by'tteean'oress
1216 773 1281 826 and·
1300 774 1427 826 convent
1440 774 1484 843 ,Os

225 890 227 896 ι
285 857 419 922 Ηανιυίιί,
433 856 615 910 esinste'tuted
623 857 703 910 vicar
712 857 747 924 ef
759 856 936 924 Stevington.
973 857 1031 909 Tne
1041 852 1395 925 vicoregetsdes'ere'bedt

309 989 558 1052 STIVENTONE
581 984 985 1049 VICARIA.—Nicholaus
1006 984 1048 1048 de
1073 985 1258 1062 Pickeford,
1278 986 1481 1069 capellanus,

223 1101 431 1174 presentatus
448 1112 506 1173 per
525 1091 717 1154 Priorissam
734 1099 769 1152 et
784 1098 987 1153 conventum
1004 1089 1046 1152 de
1066 1089 1245 1154 Harewold
1263 1091 1305 1153 ad
1323 1091 1480 1154 vicariam

221 1197 360 1261 ecclesie
375 1197 417 1260 de
436 1197 658 1276 Stivingtone,
675 1214 734 1277 per
748 1195 787 1276 J„
803 1193 1089 1257 Archidiaconum
1115 1195 1322 1273 Bedelordie‚
1338 1196 1480 1259 auctori-

221 1312 291 1365 tate
321 1301 448 1365 domini
488 1299 647 1382 Episcopi
685 1298 884 1374 ordinatam,
915 1299 1003 1362 sacta
1040 1301 1131 1381 prius
1169 1301 1383 1382 inquisitione
1421 1320 1481 1382 per

221 1404 375 1481 eundem,
404 1405 447 1468 ad
486 1403 628 1466 eandem
666 1402 832 1465 admissus
870 1412 931 1478 est,
961 1412 1032 1479 etc,
1070 1424 1146 1465 cum
1185 1424 1285 1466 onere
1322 1413 1355 1466 et
1393 1424 1481 1485 pena

221 1511 426 1573 vicariorum.
475 1507 624 1570 Habebit
640 1516 753 1569 autem
779 1507 913 1568 nomine
929 1507 1049 1568 vicarie
1070 1527 1129 1569 sue
1150 1517 1257 1570 totum
1280 1506 1479 1588 altaragium

221 1635 296 1677 cum
318 1613 474 1676 omnibus
495 1610 752 1674 obventionibus
773 1618 808 1672 et
823 1609 965 1672 decimis
985 1611 1123 1674 minutis
1144 1621 1178 1674 et
1203 1610 1482 1688 molendinorum,

221 1727 255 1781 et
279 1736 397 1779 manso
422 1715 623 1798 proximiori
645 1713 793 1790 ecclesie,
819 1722 853 1776 et
878 1713 945 1776 alio
971 1735 1089 1776 manso
1116 1735 1161 1777 ex
1185 1713 1290 1776 altera
1313 1724 1408 1796 parte
1428 1715 1482 1778 vie

219 1821 319 1902 juxta
335 1839 458 1882 novum
477 1838 629 1880 mansum
647 1818 703 1898 qui
719 1817 816 1880 cedet
833 1817 866 1878 in
888 1826 1018 1899 partem
1039 1816 1234 1880 monialium
1250 1839 1257 1894 ;
1281 1817 1360 1880 item
1378 1836 1479 1879 unam

221 1945 331 1988 acram
349 1922 434 2004 prati
449 1921 549 2004 juxta
566 1921 693 1985 fontem
710 1921 743 1982 in
760 1940 828 1982 uno
845 1920 928 1996 loc0,
944 1930 978 1983 et
994 1921 1071 1983 alibi
1088 1919 1263 1982 dimidiam
1279 1940 1345 2002 que
1360 1919 1480 1985 dicitur

221 2029 252 2091 le
267 2027 368 2090 holm.
417 2027 501 2089 ltem
519 2024 656 2088 habebit
674 2045 774 2086 unam
796 2044 907 2086 acram
929 2033 1014 2087 terre
1029 2045 1095 2106 que
1111 2033 1249 2087 vocatur
1264 2044 1341 2086 acra
1363 2023 1479 2088 Sancti

223 2132 387 2207 Nicholai,
402 2140 436 2193 et
455 2139 527 2192 'tres
551 2128 648 2192 rodas
672 2129 705 2190 in
730 2128 858 2209 campis
872 2127 973 2208 juxta
996 2128 1138 2191 eandem
1162 2147 1282 2191 acram.
1331 2127 1480 2191 Habebit

220 2237 322 2299 etiam
344 2255 461 2296 omnes
477 2233 626 2296 decimas
649 2232 827 2314 garbarum
844 2231 886 2294 de
903 2231 982 2294 villa
997 2232 1040 2296 de
1058 2233 1228 2295 Pabeham
1245 2253 1310 2313 que
1326 2242 1480 2314 spectant

221 2339 263 2402 ad
293 2339 468 2402 ecclesiam
499 2338 554 2401 de·
572 2337 793 2418 Stivingtone.
840 2335 940 2398 Dicte
970 2345 1083 2398 autem
1115 2334 1278 2398 moniales
1308 2335 1480 2398 habebunt

221 2450 342 2503 terram
359 2438 498 2501 ecclesie
514 2435 680 2500 residuam
697 2457 773 2499 cum
791 2456 879 2498 novo
896 2455 1015 2497 manso
1035 2445 1069 2497 et
1092 2454 1209 2498 omnes
1233 2436 1315 2498 alias
1331 2435 1481 2498 decimas

220 2543 398 2628 garbarum
420 2552 454 2607 et
475 2542 552 2618 feni,
567 2551 600 2604 et
623 2540 847 2623 procurabunt
868 2539 1050 2621 hospitium
1068 2538 1315 2602 Archidiaconi.
1361 2538 1480 2601 Dictus

221 2658 333 2710 autem
359 2647 499 2708 vic‘arius
526 2645 633 2708 solvet
658 2644 829 2707 sinodalia,
876 2643 922 2706 Et
951 2642 1137 2724 injunctum
1165 2651 1216 2706 est
1243 2643 1334 2721 dicto
1361 2643 1480 2705 Archi-

192 2811 194 2814 .
220 2750 372 2826 diacono
388 2750 544 2833 presenti,
562 2759 608 2826 ut,
623 2759 684 2812 etc.

219 3019 271 3085 [J.,
284 3019 462 3072 Archdeeeon
479 3019 515 3085 os
521 3018 657 3087 Bedsord,
668 3018 819 3087 presented
833 3018 865 3085 by
881 3017 928 3070 ttre
945 3017 1029 3070 Prior
1043 3018 1104 3070 and
1115 3018 1241 3071 Convent
1255 3019 1396 3086 ofAstdy,
1407 3022 1484 3086 aster

220 3129 221 3134 =
283 3118 301 3153 e
314 3100 1191 3169 desputeoboutttrepatronage,esinstz'tutedtotleectnerctros
1207 3100 1382 3168 restringe]
1438 3156 1440 3163 ,
1467 3155 1469 3160 ,

308 3222 364 3284 LA
399 3221 594 3302 LEYA.—-J.,
627 3220 895 3283 Archidiaconus
935 3220 1141 3297 Bedefordie‚
1172 3228 1383 3301 presentatus
1420 3242 1480 3302 per

223 3327 369 3389 Priorem
393 3337 427 3389 et
449 3335 652 3389 conventum
675 3325 718 3388 de
742 3323 875 3406 Esseby
892 3324 934 3387 ad
957 3324 1132 3386 ecclesiam
1152 3322 1198 3393 de,
1219 3323 1251 3386 la
1276 3324 1377 3405 Lega,
1393 3324 1481 3389 facta

222 3430 312 3511 prius
337 3430 552 3510 inquisitione
580 3451 638 3512 per
661 3429 816 3504 eundem,
845 3438 879 3490 et
907 3428 1049 3510 receptis
1076 3427 1194 3489 litteris
1220 3426 1348 3490 domini
1377 3429 1480 3510 Regis

222 3533 470 3597 continentibus
489 3533 579 3614 quod
608 3532 656 3610 G„
681 3533 773 3594 Prior
796 3532 838 3595 de
864 3530 1005 3612 Esseby,
1032 3551 1143 3593 coram
1168 3531 1365 3611 Justiciariis
1390 3531 1479 3614 apud

222 3637 558 3700 Westmonasterium
583 3659 642 3719 per
663 3637 825 3717 judicium
850 3636 940 3698 curie
964 3635 1172 3716 recuperavit
1194 3618 1357 3698 saisinam
1384 3657 1479 3699 suam

222 3762 335 3804 versus
364 3741 592 3824 Nich[olaam]
620 3741 722 3804 filiam
753 3739 910 3824 [ifilium]
938 3739 1165 3803 Bartholomei
1190 3739 1234 3802 de
1264 3740 1296 3802 la
1320 3739 1413 3822 Lega
1437 3742 1480 3805 de

221 3839 441 3908 advocatione
459 3845 596 3908 ecclesie
615 3845 657 3908 de
681 3846 712 3908 la
735 3846 827 3926 Lega
849 3864 924 3906 cum
945 3843 1162 3925 pertinentiis,
1185 3863 1333 3926 perque,
1348 3853 1419 3920 etc,
1434 3846 1477 3909 ad

221 3949 364 4012 eandem
394 3949 560 4012 admissus
590 3959 650 4026 est,
680 3959 715 4012 et
745 3949 778 4011 in
810 3947 929 4011 eadem
960 3948 1023 4010 sub
1052 3958 1140 4029 pena
1171 3946 1311 4010 Concilii
1337 3967 1479 4028 persona

221 4050 404 4112 institutus.
465 4049 510 4111 Et
548 4049 734 4131 injunctum
769 4057 820 4110 est
858 4047 968 4110 eidem
1007 4056 1045 4110 ut
1089 4065 1149 4127 per
1191 4047 1392 4128 Magistrum
1437 4048 1480 4125 S„

222 4148 409 4212 Officialem
441 4170 547 4225 suum,
578 4150 676 4212 faciat
707 4169 743 4212 se
773 4149 807 4209 in
846 4146 1053 4229 corporalem
1091 4146 1195 4228 ipsius
1233 4147 1478 4229 possessionem

221 4249 343 4325 induci,
358 4249 451 4312 salvo
467 4250 505 4315 G.
523 4249 565 4312 de
581 4247 706 4332 [blank]
721 4247 794 4328 jure
810 4268 880 4322 su0‚
897 4248 923 4308 si
941 4246 1031 4328 quod
1048 4245 1157 4322 habet,
1173 4246 1206 4307 in
1223 4247 1327 4328 ipsius
1339 4246 1477 4310 ecclesie

221 4355 350 4417 vicaria

222 4565 346 4632 [Gereld.
358 4566 496 4632 cheplein,
506 4565 654 4632 presented
662 4566 694 4633 by
705 4565 750 4617 the
762 4565 852 4617 Adher
861 4565 923 4616 and
935 4564 1060 4616 Convent
1068 4564 1104 4630 os
1120 4562 1247 4625 Wobnm,
1260 4563 1285 4614 is
1296 4562 1442 4614 instituted
1453 4567 1480 4614 to

286 4649 332 4700 tte
343 4648 441 4715 etzepel
451 4650 487 4716 of
497 4648 676 4716 Biretrmere]

310 4767 791 4843 BIRCHEMORE.—Geroldus‚
822 4765 1046 4848 cappellanus
1073 4773 1283 4847 presentatus
1318 4784 1377 4846 per
1407 4762 1478 4825 Ab·

224 4872 336 4935 batem
365 4881 400 4934 et
424 4880 626 4934 conventum
654 4872 696 4935 de
723 4872 895 4934 Wuburne
920 4870 961 4932 ad
988 4868 1175 4951 cappellam
1203 4868 1246 4930 de
1278 4867 1479 4945 Birchemor,

225 4976 311 5038 facta
328 4977 417 5057 prius
439 4976 652 5058 inquisitione
675 4996 734 5057 per
752 4975 951 5056 Magistrum
977 4974 1019 5050 S„
1036 4972 1223 5036 Officialem
1241 4971 1477 5036 Archidiaconi
