3550 5692
585 561 765 659 Episcopi
785 561 1068 635 Lz‘ncolnz'ensz's.
1407 581 1451 655 57

194 795 354 864 [Regr'nald
366 797 503 864 chaplain,
511 798 662 866 presented
675 798 764 866 hythe
775 799 932 851 Pn'orand
948 799 1074 851 Convent
1089 799 1125 866 oJ'
1138 798 1264 860 Etrtrom,
1274 798 1299 849 is
1310 796 1457 850 instituted

260 877 517 946 vicarofEtstram.
556 879 612 931 Ttre
622 879 956 947 veterageodesmted]
1301 888 1303 891 '

284 971 794 1054 HELLESHAM.—ReginalduS,
804 971 1005 1054 capellanus,
1015 981 1224 1054 presentatus
1235 992 1293 1053 per
1304 971 1450 1034 Priorem

193 1084 229 1137 et
253 1084 455 1138 conventum
481 1073 523 1137 de
550 1074 745 1138 Hellesham
770 1074 814 1138 ad
846 1086 1041 1158 perpetuam
1066 1075 1223 1138 vicariam
1248 1074 1385 1137 ecclesie
1409 1073 1452 1136 de

197 1178 402 1255 Hellesham,
426 1189 477 1242 est
503 1161 687 1256 admissus;
718 1199 783 1260 que
813 1180 935 1242 vicaria
964 1179 1010 1241 sic
1041 1178 1194 1242 ordinata
1217 1187 1283 1241 est:
1313 1178 1453 1240 vicarius

194 1281 330 1344 habebit
361 1283 497 1344 nomine
527 1283 647 1345 vicarie
676 1282 861 1345 corredium
894 1282 1035 1344 duorum
1069 1282 1304 1344 canonicorum
1343 1280 1453 1363 [above

193 1386 467 1448 “canonicorum'’
493 1385 523 1448 is
544 1386 677 1448 wn'tten
700 1385 992 1467 “monachorum’']
1015 1385 1076 1448 sibi
1096 1396 1130 1448 et
1154 1385 1297 1447 diacono
1322 1406 1382 1447 suo
1407 1384 1450 1447 ad

193 1508 344 1550 mensam
362 1490 492 1565 Primis,
507 1499 541 1551 et
564 1487 700 1552 habebit
723 1489 806 1552 duas
823 1509 951 1552 marcas
968 1509 1095 1551 annuas
1111 1487 1154 1551 ad
1171 1489 1328 1552 vestitum
1345 1509 1450 1550 suum.

195 1590 345 1654 Habebit
360 1593 461 1655 etiam
478 1593 661 1662 secundum
685 1592 832 1674 legatum
849 1603 882 1656 et
905 1592 1091 1656 oblationes
1107 1593 1305 1655 constitutas
1321 1602 1358 1654 ut
1373 1612 1451 1654 con·

193 1695 317 1757 tinetur
332 1696 364 1758 in
381 1694 590 1759 ordinatione
600 1697 720 1759 vicarie
735 1695 778 1759 de
795 1697 954 1779 Depping
965 1696 1080 1761 Sancti
1096 1694 1221 1778 Jacobi.
1268 1694 1451 1758 Palelridus

191 1808 305 1860 autem
336 1799 447 1860 vicarii
478 1800 539 1862 erit
569 1798 612 1861 ad
643 1799 823 1881 forragium
854 1799 1018 1863 dictorum
1053 1800 1173 1862 Prioris
1203 1809 1237 1861 et
1266 1808 1450 1861 conventus

190 1911 226 1963 et
242 1900 284 1963 ad
308 1901 512 1983 prebendam
529 1903 710 1966 eorundem
727 1902 862 1985 quando
878 1902 921 1965 ad
944 1903 1126 1986 capitulum
1143 1902 1195 1966 vel
1219 1903 1252 1964 in
1268 1901 1449 1965 eorundem

194 2005 314 2067 Prioris
329 2016 364 2068 et
379 2017 563 2069 conventus
579 2008 714 2089 negotia
730 2006 955 2089 proficiscitur.
1002 2007 1047 2069 Et
1063 2008 1125 2089 ipsi
1143 2007 1236 2070 Prior
1251 2016 1284 2068 et
1308 2026 1450 2068 conven-

191 2119 246 2170 tus
269 2109 491 2190 providebunt
510 2111 632 2174 vicario
655 2109 697 2174 de
720 2111 814 2187 tofto,
830 2121 863 2173 et
886 2110 1110 2194 procurabunt
1133 2109 1314 2192 hospitium
1332 2109 1450 2171 Archi-

190 2211 333 2288 diaconi,
356 2222 389 2276 et
412 2214 477 2276 alia
500 2235 601 2277 onera
623 2224 693 2277 tam
709 2212 876 2276 ordinaria
899 2234 999 2294 quam
1023 2213 1287 2276 extraordinaria
1309 2213 1450 2275 sustine-

192 2314 283 2378 bunt.

190 2447 308 2516 [Robert
321 2448 457 2516 chapterin,
466 2449 615 2517 presented
622 2450 656 2518 by
666 2451 711 2502 ttre
721 2450 786 2520 said
791 2450 877 2503 Prior
885 2449 947 2501 and
958 2449 1085 2502 Convent
1093 2450 1128 2517 of
1135 2449 1264 2510 Etslram,
1273 2450 1298 2501 tr
1309 2447 1453 2500 rmututett

256 2531 337 2582 vicar
345 2532 381 2599 os
386 2531 494 2599 Kerteby
506 2532 546 2585 St.
558 2531 704 2600 Andrew]

281 2625 441 2688 KIRKEB'
457 2640 534 2703 QUE
551 2639 618 2690 EST
631 2626 1086 2702 =EORUNDEM.-R0bertus,
1101 2625 1301 2708 capellanus,
1317 2645 1449 2708 presen-

191 2737 281 2790 tatus
297 2749 355 2810 per
370 2729 477 2793 dictos
494 2731 640 2793 Priorem
656 2740 690 2793 et
705 2742 906 2793 conventum
922 2729 966 2792 de
983 2729 1178 2792 Hellesham
1194 2727 1237 2790 ad
1254 2738 1448 2811 perpetuam

192 2831 347 2894 vicariam
364 2832 500 2896 ecclesie
516 2833 558 2896 de
570 2833 716 2918 Kirkeb’,
726 2843 776 2896 est
792 2833 957 2896 admissus
973 2843 1006 2896 et
1023 2833 1056 2894 in
1066 2853 1106 2895 ea
1122 2844 1300 2915 perpetuus
1310 2833 1450 2894 vicarius

183 2935 383 3014 ‘institutus;
406 2957 471 3018 que
487 2938 532 2999 sic
548 2937 702 2999 ordinata
716 2947 786 3000 est:
810 2938 962 2999 consistit
985 2937 1018 2998 in
1034 2946 1106 2999 toto
1122 2936 1283 3018 altaragio
1298 2936 1449 3018 exceptis

190 3037 330 3101 decimis
354 3039 428 3102 lane
444 3050 477 3102 et
501 3039 690 3103 medietatis
706 3061 868 3122 agnorum
892 3041 995 3103 totius
1011 3039 1174 3121 parochie,
1190 3061 1255 3120 que
1278 3040 1340 3122 ipsi
1358 3041 1450 3102 Prior

189 3151 226 3203 et
256 3152 439 3205 conventus
470 3144 598 3224 integre
628 3144 811 3226 percipient
842 3144 875 3205 in
908 3152 1112 3225 perpetuum.
1158 3143 1312 3206 Vicarius
1336 3153 1447 3205 autem

191 3245 338 3326 inveniet
368 3246 576 3328 capellanum
607 3247 663 3328 qui
696 3245 897 3308 ministrabit
927 3247 959 3307 in
991 3245 1118 3327 capella
1142 3246 1185 3308 de
1212 3244 1365 3327 Osolfby,
1388 3246 1450 3308 sub

190 3348 309 3411 eadem
327 3350 547 3412 conventione
562 3371 629 3430 qua
645 3350 800 3412 convenit
816 3350 902 3412 inter
917 3349 1024 3412 dictos
1035 3350 1181 3412 Priorem
1197 3360 1231 3412 et
1247 3359 1447 3419 conventum

192 3461 226 3513 et
243 3452 461 3534 parochianos
480 3452 522 3516 de
539 3451 701 3534 Osolfby;
723 3453 885 3528 videlicet,
901 3451 992 3534 quod
1016 3453 1206 3535 parochiani
1223 3453 1361 3534 predicti
1384 3453 1449 3514 sol-

192 3566 271 3619 vent
303 3557 440 3638 singulis
471 3558 567 3618 annis
597 3578 657 3639 pro
689 3557 836 3619 cantaria
873 3555 1028 3619 habenda
1066 3557 1098 3618 in
1130 3555 1220 3618 dicta
1249 3556 1376 3639 capella
1406 3556 1449 3619 de

192 3659 341 3741 Osolsby
358 3681 418 3723 sex
435 3681 583 3723 summas
606 3682 687 3742 pure
710 3661 848 3742 siliginis
868 3670 901 3723 et
925 3681 1026 3722 unam
1050 3680 1216 3722 summam
1240 3680 1321 3742 pure
1337 3680 1449 3736 avene,

191 3762 277 3825 infra
293 3785 339 3826 xv
354 3763 426 3826 dies
449 3774 525 3846 post
548 3764 669 3827 festum
695 3765 809 3830 Sancti
835 3765 1017 3840 Michaelis,
1032 3774 1066 3827 et
1089 3765 1258 3826 invenient
1276 3763 1449 3846 capellano

190 3867 315 3930 ibidem
332 3868 532 3930 ministranti
548 3877 795 3950 competentem
812 3888 966 3930 mansum
983 3867 1039 3929 ubi
1062 3867 1221 3949 hospitari
1238 3868 1342 3950 possit
1365 3867 1450 3929 infra

191 3969 346 4052 Osolsby.
395 3970 488 4034 Idem
512 3973 613 4034 etiam
630 3982 671 4034 et
694 3972 884 4054 parochiani
908 3971 1126 4034 affidaverunt
1149 3971 1239 4052 quod
1263 3971 1348 4034 hanc
1371 3992 1449 4033 con·

192 4075 383 4137 ventionem
407 4074 547 4138 fideliter
567 4076 600 4136 in
617 4085 814 4157 perpetuum
831 4074 1002 4152 tenebunt,
1017 4075 1074 4138 tali
1091 4074 1290 4150 conditione,
1306 4074 1405 4156 quod,
1421 4076 1448 4136 si

191 4178 303 4259 aliquo
326 4189 477 4261 tempore
495 4200 515 4240 a
530 4178 695 4241 solutione
718 4178 798 4241 dicti
822 4178 912 4241 bladi
936 4179 1144 4254 cessaverint,
1159 4188 1284 4241 extunc
1308 4177 1449 4260 capella-

192 4302 272 4343 num
298 4280 421 4344 ibidem
446 4283 689 4344 ministrantem
713 4303 780 4344 non
804 4281 975 4344 habebunt
998 4281 1056 4344 sed
1081 4283 1252 4344 matricem
1275 4282 1448 4345 ecclesiam

193 4372 314 4450 Sancti
325 4385 461 4448 Andree
485 4384 528 4448 de
553 4385 707 4466 Kirkeby
722 4386 755 4447 in
779 4395 976 4467 perpetuum
1004 4395 1191 4465 sequentur,
1210 4396 1280 4448 tam
1305 4385 1348 4447 ad
1373 4386 1449 4447 mis·

190 4508 302 4549 sarum
315 4487 513 4569 sollempnia
528 4508 629 4569 quam
640 4487 682 4550 ad
698 4498 808 4551 cetera
821 4488 897 4569 jura
912 4488 1142 4564 ecclesiastica,
1152 4498 1250 4570 prout
1262 4490 1451 4551 continetur

192 4592 225 4652 in
242 4591 450 4673 cyrographo
474 4592 558 4654 inter
575 4593 721 4654 Priorem
737 4602 771 4654 et
794 4601 997 4654 conventum
1013 4591 1056 4654 de
1074 4591 1268 4654 Hellesham
1285 4601 1319 4654 et
1342 4591 1449 4654 dictos

191 4695 410 4777 parochianos
435 4694 477 4757 de
501 4694 648 4776 Osolsby
671 4693 830 4757 coniecto,
876 4695 1030 4758 Vicarius
1052 4694 1189 4758 habebit
1213 4695 1334 4757 tostum
1358 4695 1448 4777 quod

190 4799 253 4860 fuit
270 4799 369 4861 Aceri
392 4819 436 4861 ex
453 4809 547 4880 parte
569 4798 692 4861 boreali
715 4798 852 4860 ecclesie
875 4796 918 4860 de
943 4797 1103 4880 Kirkeby,
1117 4808 1151 4860 et
1174 4799 1280 4862 solvet
1302 4808 1448 4860 tantum·

191 4901 294 4962 modo
317 4900 500 4982 synodalia,
515 4911 549 4964 et
572 4902 634 4984 ipsi
652 4902 743 4963 Prior
758 4911 792 4964 et
814 4911 998 4964 conventus
1021 4902 1244 4984 procurabunt
1267 4902 1447 4984 hospitium

191 5003 429 5068 Archidiaconi
445 5014 478 5067 et
494 5014 603 5067 cetera
618 5024 719 5066 onera
735 5004 954 5068 sustinebunt.
