3550 5692
580 575 758 673 Episcopi
789 573 1074 649 Lincolniensz's.
1388 597 1397 643 r
1407 591 1452 666 37

199 810 310 879 [Henry
320 810 354 864 de
368 811 555 871 Tamewuetls,
566 811 704 878 choplain,
717 812 742 863 is
752 809 869 864 collated
876 815 905 863 to
915 809 961 863 tlte
971 808 1071 862 chureii
1084 808 1118 875 os
1126 806 1261 874 Dunsby.]

285 929 772 1012 [DUNNESBY.]—Henricus
813 928 856 992 de
893 926 1128 1004 Tamewurth',
1165 925 1365 1009 capellanus,
1402 922 1455 986 cui

200 1034 367 1096 Dominus
391 1033 579 1116 Episcopus
601 1033 776 1097 ecclesiam
799 1034 843 1097 de
866 1031 1063 1112 Dunnesby‚
1087 1030 1284 1093 auctoritate
1308 1026 1456 1104 Concilii,

196 1138 349 1214 contulit,
365 1137 457 1200 salvo
469 1137 543 1218 jure
558 1137 818 1218 uniuscujusque
834 1136 891 1218 qui
908 1135 963 1217 jus
979 1143 1175 1218 patronatus
1196 1134 1229 1196 in
1252 1153 1292 1196 ea
1312 1131 1456 1208 evicerit,

196 1240 240 1303 ad
255 1240 399 1303 eandem
424 1239 590 1302 admissus
613 1249 673 1317 est,
688 1249 723 1303 et
738 1240 772 1301 in
789 1260 829 1303 ea
844 1259 987 1320 persona
1002 1238 1162 1301 canonice
1178 1237 1359 1313 institutus
1375 1234 1452 1298 licet

196 1345 288 1426 prius
319 1343 515 1407 mandatum
547 1342 608 1406 fuit
632 1342 880 1406 Archidiacono
905 1342 1078 1405 Lincolnie
1101 1350 1138 1404 ut
1161 1339 1289 1404 dictum
1316 1338 1454 1415 H.,etc.,

198 1447 381 1510 secundum
397 1446 487 1528 quod
504 1446 537 1508 in
554 1445 663 1509 rotulo
679 1445 971 1509 memorandorum
988 1445 1185 1508 continetur.

262 1631 360 1700 [uem.
376 1633 412 1702 s]

193 1740 333 1807 {Thomas
348 1739 383 1793 de
400 1739 505 1802 Siwzn’,
521 1740 689 1803 sub-deaeon,
705 1739 854 1807 presented
869 1738 902 1806 ty
913 1738 1005 1807 Hugh
1016 1736 1050 1791 de
1072 1738 1157 1805 Verly‚
1174 1738 1199 1789 is
1214 1736 1360 1789 instituted
1371 1741 1398 1789 to
1412 1735 1457 1789 the

261 1821 362 1874 chureii
373 1822 409 1889 os
414 1822 489 1874 East
498 1822 667 1890 Barkwith]

286 1934 360 1998 EST
384 1934 791 1998 BARKWRD'.—Thomas
806 1932 849 1996 de
864 1932 986 2009 Siwin',
998 1932 1230 2007 subdiaconus,
1245 1938 1456 2013 presentatus

198 2059 256 2119 per
281 2037 463 2120 Hugonem
478 2038 522 2101 de
538 2039 651 2119 Verly,
668 2036 817 2113 militem,
832 2037 875 2100 ad
892 2036 1066 2100 eeclesiam
1082 2035 1125 2098 de
1143 2035 1204 2097 Est
1222 2031 1455 2109 Barkewarth',

197 2140 286 2205 facta
302 2142 392 2223 prius
408 2142 622 2223 inquisitione
638 2162 696 2224 per
714 2141 762 2216 Κ,
779 2139 1062 2203 Archidiaconum
1081 2138 1264 2214 Lincolnie,
1276 2157 1456 2219 perquam,

195 2257 267 2323 etc,
283 2245 450 2309 admissus
465 2256 525 2323 est,
540 2256 574 2309 et
590 2246 622 2308 in
639 2266 679 2308 ea
695 2246 854 2308 canonice
870 2264 1012 2326 persona
1031 2244 1210 2307 institutus.
1258 2242 1304 2305 Et
1327 2241 1455 2324 injunc-

197 2360 270 2412 tum
286 2359 337 2412 est
353 2349 611 2425 Archidiacono,
628 2349 782 2431 presenti,
799 2358 844 2424 ut,
859 2358 920 2411 etc.

192 2518 313 2586 [Robert
326 2535 376 2571 son
388 2519 423 2586 of
434 2518 560 2573 Ulkellns
570 2519 603 2571 de
613 2518 749 2585 Moring'‚
761 2518 898 2586 choploin,
906 2516 1054 2584 presented
1062 2516 1095 2585 by
1106 2516 1207 2568 Robert
1216 2515 1250 2567 de
1261 2513 1419 2577 Dalderbia,
1433 2512 1458 2566 is

262 2600 407 2653 instituted
414 2606 441 2653 to
452 2600 497 2654 tlte
507 2600 609 2653 cirurclt
619 2602 656 2667 of
661 2601 700 2653 St.
712 2599 831 2660 Martin,
845 2598 1004 2667 Dalderby]

287 2711 496 2781 Diunsrunr
528 2718 670 2782 Snucsr
704 2716 1110 2793 MART1N1.—R0bertus,
1140 2715 1226 2779 filius
1259 2714 1383 2780 Ulkelli
1415 2714 1457 2778 de

200 2821 352 2903 Maring’,
381 2821 607 2905 cappellanus,
638 2830 847 2903 presentatus
885 2841 944 2902 per
977 2819 1161 2883 Robertum
1193 2818 1235 2882 de
1267 2817 1458 2895 Dalderbia,

194 2926 349 3003 militem,
380 2925 422 2988 ad
453 2925 627 2988 ecclesiam
660 2924 775 2989 Sancti
808 2924 945 2988 Martini
976 2922 1019 2985 de
1051 2922 1233 3004 Dalderby,
1256 2921 1344 2985 lacta
1367 2922 1457 3005 prius

194 3030 413 3111 inquisitione
444 3050 502 3112 per
534 3030 583 3106 R,
615 3028 901 3092 Archidiaconum
935 3027 1118 3103 Lincolnie,
1156 3047 1215 3109 per
1244 3040 1355 3108 quarn,
1385 3035 1457 3102 etc,

198 3133 366 3196 admissus
381 3143 442 3210 est,
457 3144 491 3197 et
507 3134 541 3195 in
557 3154 689 3196 cacum
707 3153 808 3196 onere
828 3143 861 3196 et
881 3154 968 3216 pena
983 3132 1182 3195 vicariorum
1203 3131 1362 3193 canonice
1386 3150 1457 3211 per-

199 3258 282 3299 sona
305 3238 486 3300 institutus.
534 3237 580 3300 Et
603 3236 792 3317 injunctum
815 3247 866 3300 est
891 3235 1148 3311 Archidiacon0‚
1165 3234 1319 3317 presenti,
1336 3243 1380 3309 ut,
1396 3244 1457 3298 etc.

202 3340 279 3403 Non
296 3340 459 3403 habemus
477 3340 589 3404 literas
605 3340 830 3422 inquisitionis
846 3340 908 3403 nisi
924 3342 1033 3403 vivam
1051 3358 1167 3403 vocem
1184 3338 1265 3401 dicti
1283 3336 1457 3401 Archidia·

197 3463 282 3505 conr.

197 3612 314 3679 {Ralph,
333 3613 471 3680 chnplain,
485 3613 634 3679 presented
647 3614 680 3682 by
693 3613 733 3677 G,
746 3613 836 3666 Abbot
844 3614 880 3681 os
887 3612 1053 3673 Newluouse,
1065 3613 1089 3665 is
1100 3602 1244 3664 instituted
1256 3616 1283 3663 to
1297 3610 1343 3663 tite
1358 3610 1457 3664 chureii

263 3694 511 3763 ofKirmington.]

288 3813 793 3890 KYRMINGTON’.-Radulsus,
822 3813 1047 3896 cappellanus
1078 3822 1288 3895 presentatus
1319 3832 1378 3894 per
1409 3810 1457 3888 G,

200 3918 371 3981 Abbatem
395 3918 438 3981 de
463 3916 610 3993 Neuhus,
626 3916 669 3979 ad
686 3927 882 3998 perpetuam
898 3916 1053 3979 vicariam
1070 3915 1209 3979 ecclesie
1225 3914 1267 3977 de
1285 3913 1456 3995 Kirming-

199 4022 277 4098 ton',
292 4020 381 4083 sacta
404 4020 494 4103 prius
515 4019 730 4101 inquisitione
751 4040 810 4101 per
833 4019 881 4095 Κ,
899 4019 1182 4082 Archidiaconum
1201 4017 1383 4093 Lincolnie,
1399 4037 1458 4099 per

193 4145 310 4205 quarn,
325 4134 396 4201 etc,
416 4123 582 4186 admissus
605 4133 665 4200 est,
687 4134 721 4186 et
745 4124 778 4186 in
801 4144 851 4198 ea,
870 4143 947 4186 cum
971 4132 1128 4186 onereet
1147 4142 1233 4204 pena
1251 4121 1458 4197 vicariorum,

201 4229 343 4291 vicarius
368 4237 548 4310 perpetuus
578 4227 758 4290 institutus.
815 4226 860 4288 Et
883 4225 1070 4306 injunctum
1094 4235 1145 4289 est
1168 4224 1258 4287 dicto
1282 4223 1457 4287 Archidia·

198 4352 285 4395 cono
317 4342 363 4408 ut,
392 4342 454 4394 etc.
510 4331 587 4393 Non
619 4330 781 4393 habemus
811 4330 939 4393 litteras
970 4329 1223 4412 presentationis
1254 4328 1316 4390 nisi
1347 4328 1457 4390 vivam

203 4456 319 4499 vocem
337 4434 585 4498 Archidiaconi.
632 4434 709 4496 Fuit
733 4444 845 4497 autem
869 4434 931 4497 hec
954 4433 1075 4496 vicaria
1097 4431 1250 4494 ordinata
1266 4451 1325 4514 per
1341 4429 1458 4493 Domi-

199 4558 282 4602 num
301 4538 506 4620 Episcopum
523 4536 722 4600 auctoritate
739 4536 888 4601 Concilii.

195 4708 309 4776 {Philip
320 4708 354 4760 de
363 4706 478 4775 Soustet,
491 4707 569 4770 elerk,
577 4706 726 4773 presented
734 4705 766 4773 by
779 4705 839 4759 Ode
857 4706 938 4760 Galle
952 4705 986 4758 de
1001 4703 1160 4772 Soufleteby,
1175 4703 1200 4755 is
1214 4702 1360 4755 instituted
1372 4708 1399 4755 to
1413 4701 1459 4755 tlte

264 4788 366 4843 chureii
377 4790 413 4856 of
419 4789 460 4842 St.
475 4788 603 4847 Clement,
615 4786 790 4856 Saltfleetby]

288 4910 431 4975 Snncrr
456 4909 678 4973 Cnsnsurrs
701 4920 752 4969 ns
777 4905 1277 4986 successisset-Philippus
1303 4904 1347 4968 de
1374 4903 1457 4968 Sau-

198 5012 267 5090 net,
282 5012 430 5090 clericuS,
442 5022 652 5094 presentatus
668 5033 727 5093 per
743 5010 900 5075 Odonem
918 5009 1013 5074 Galle
1028 5008 1070 5073 de
1087 5007 1281 5090 Saufleteby
1294 5006 1336 5069 ad
1353 5006 1457 5071 eccle·
