3550 5692
579 574 757 682 Episcopi
788 575 1074 659 Lz'ncolnz‘ensz‘s.
1381 605 1447 661 201

200 826 355 888 nentibus
371 825 413 888 ad
436 825 611 887 ecclesiam
628 824 811 906 predictam
828 833 938 907 preter
955 823 1103 887 decimas
1119 825 1296 907 garbarum
1312 834 1454 902 tantum,

199 939 232 993 et
253 930 287 991 in
302 929 389 992 tosto
404 939 438 992 et
453 949 530 991 area
546 929 588 992 ad
608 948 682 991 eam
704 928 889 1010 assignatis
937 928 982 991 Et
1003 928 1200 992 mandatum
1222 939 1273 993 est
1295 930 1453 1006 Roberto,

200 1033 446 1096 Archidiacono
471 1032 653 1108 Lincolnie,
676 1042 721 1108 ut,
744 1041 804 1094 etc.
852 1031 1049 1094 Notandum
1069 1031 1159 1114 quod
1183 1033 1323 1095 vicarius
1347 1033 1453 1097 solvet

198 1136 374 1219 synodalia
389 1146 530 1199 tantum.

199 1306 305 1373 [Adam
321 1307 356 1359 de
373 1306 440 1365 Hal,
457 1306 597 1373 chaplaim
609 1306 758 1371 presented
774 1305 807 1372 by
828 1306 934 1358 Walter
948 1305 983 1358 de
1002 1306 1030 1357 la
1049 1305 1177 1360 Laudis
1197 1306 1343 1359 instituted
1360 1311 1387 1358 to
1410 1306 1454 1359 the

253 1388 357 1457 fourth
369 1392 440 1455 past
448 1389 484 1455 of
490 1387 536 1440 the
546 1387 648 1440 ehurcle
660 1388 695 1455 os
705 1388 732 1439 T
728 1388 876 1455 herganby.
891 1387 982 1439 which
1000 1387 1105 1439 Walter
1114 1388 1147 1440 de
1161 1388 1257 1456 teleby
1269 1388 1328 1441 lead
1337 1388 1421 1457 held]

284 1499 706 1583 [T]0RGAMBY.¹-Adam
737 1497 780 1562 de
812 1498 898 1574 Hal’,
926 1497 1127 1581 capellanus,
1154 1507 1364 1581 presentatus
1395 1519 1453 1581 per

199 1604 384 1667 Walterum
400 1604 443 1667 de
458 1604 490 1667 la
508 1603 614 1666 Land'
630 1601 672 1665 ad
690 1603 781 1665 illam
797 1613 951 1684 quartam
969 1612 1097 1685 partem
1110 1623 1212 1685 quam
1226 1602 1394 1665 Walterus
1409 1602 1452 1665 de

198 1708 333 1790 Coleby,
357 1707 557 1790 capellanuS,
580 1706 699 1769 ultimo
721 1707 829 1769 tenuit
852 1707 885 1768 in
909 1706 1049 1769 ecclesia
1071 1705 1114 1770 de
1138 1706 1341 1789 Torgamby,
1364 1706 1451 1769 facta

197 1812 286 1893 prius
302 1811 515 1893 inquisitione
537 1830 596 1893 per
613 1810 661 1885 R,
678 1809 961 1872 Archidiaconum
983 1810 1165 1886 Lincolnie,
1182 1830 1365 1893 perquam,
1381 1819 1452 1887 etc,

196 1915 237 1977 ad
268 1915 409 1978 eandem
441 1914 608 1977 admissus
634 1923 693 1990 est,
718 1925 779 1976 etc.
826 1914 871 1976 Et
897 1912 1094 1977 mandatum
1121 1923 1172 1976 est
1196 1913 1305 1976 eidem
1331 1913 1451 1977 Archi-

196 2019 337 2082 diacono
353 2028 399 2094 ut,
414 2027 475 2081 etc.

195 2188 289 2252 [Eleas
299 2189 333 2240 de
341 2187 429 2248 Hedl,
442 2187 580 2253 emptam,
587 2186 734 2254 presented
742 2186 775 2254 by
783 2186 918 2239 Brothers
925 2187 1062 2253 Sampson
1069 2187 1128 2238 and
1139 2186 1454 2253 Rz'cleardpeoctmsfor

259 2270 304 2322 tlte
314 2270 401 2322 Peior
409 2270 469 2321 and
481 2269 607 2322 Cantent
615 2270 651 2335 os
656 2268 696 2321 St.
709 2269 842 2330 Barbara,
856 2270 881 2319 is
892 2268 1036 2321 instituted
1044 2274 1070 2321 te
1082 2269 1126 2321 tlte
1137 2269 1237 2323 ceurae
1249 2270 1284 2337 os
1293 2268 1408 2337 Coleby]

283 2380 648 2463 [COLEJBY.-Helyas
684 2378 726 2442 de
766 2378 875 2455 Heill’,
906 2379 1107 2461 capellanus,
1145 2389 1354 2462 presentatus
1392 2401 1452 2462 per

196 2483 310 2547 fratres
327 2484 550 2566 Sampsonem
567 2493 601 2547 et
626 2482 816 2560 Ricardum,
829 2494 1058 2565 procuratores
1076 2484 1195 2546 Prioris
1210 2495 1244 2547 et
1268 2493 1451 2546 conventus

196 2586 319 2651 Sancte
357 2587 504 2649 Barbare
542 2588 575 2648 in
614 2587 686 2662 hoc,
717 2586 759 2649 ad
797 2586 972 2649 ecclesiam
1004 2586 1046 2649 de
1074 2586 1211 2668 Coleby,
1242 2586 1330 2649 lacta
1360 2588 1450 2669 prius

194 2691 407 2772 inquisitione
431 2711 490 2773 per
514 2691 563 2767 R,
587 2690 869 2753 Archidiaconum
904 2690 1085 2766 Lincolnie,
1104 2700 1138 2753 et
1161 2691 1302 2772 receptis
1332 2690 1450 2753 litteris

194 2793 320 2856 domini
361 2795 463 2876 Regis
501 2796 534 2856 in
570 2794 676 2856 sorma
711 2794 906 2876 subscripta,
937 2813 994 2876 per
1024 2814 1097 2875 que,
1127 2804 1198 2867 etc,
1229 2792 1271 2854 ad
1306 2792 1449 2857 eandem

194 2898 367 2961 ecclesiam
399 2897 565 2961 admissus
594 2908 654 2975 est,
680 2908 741 2961 etc.
793 2898 839 2960 Et
877 2896 1073 2960 mandatum
1104 2906 1155 2959 est
1192 2895 1302 2959 eidem
1332 2895 1449 2959 Archi-

193 3000 336 3065 diacono
352 3012 397 3077 ut,
413 3012 473 3065 etc.
1450 2994 1452 2998 ’

283 3106 335 3182 H,
346 3106 410 3169 Dei
426 3107 535 3188 gratia
551 3106 627 3168 Rex
642 3106 775 3187 Anglie‚
786 3115 857 3180 etc,
870 3104 1095 3166 Lincolniensi
1113 3104 1284 3185 Episcopo
1296 3104 1447 3167 salutem.

194 3207 377 3273 Ostensum
401 3219 453 3272 est
476 3210 572 3271 nobis
594 3231 639 3272 ex
664 3219 757 3291 parte
781 3209 903 3271 Prioris
927 3208 1050 3272 Sancte
1082 3206 1227 3269 Barbare
1250 3206 1350 3288 quod,
1373 3228 1448 3269 cum

194 3311 281 3376 idem
314 3314 406 3376 Prior
430 3334 536 3395 nuper
558 3314 591 3376 in
614 3314 705 3375 curia
728 3321 841 3375 nostra
864 3332 976 3373 coram
999 3310 1188 3392 justiciariis
1212 3311 1333 3373 nostris
1357 3310 1446 3392 apud

194 3417 529 3480 Westmonasterium
553 3416 811 3499 su[m]monitus
841 3425 938 3490 esset,
960 3414 1132 3476 auditurus
1163 3414 1301 3476 assisam
1333 3414 1449 3477 ultime

193 3522 449 3602 presentationis
458 3541 560 3602 quam
578 3541 638 3583 nos
654 3520 888 3583 arainiavimus
901 3539 1013 3580 versus
1026 3538 1102 3580 eum
1119 3538 1218 3600 super
1230 3515 1449 3580 advocatione

191 3624 329 3687 ecclesie
345 3623 387 3686 de
404 3623 541 3707 Coleby,
557 3633 591 3686 et
612 3644 672 3685 nos
687 3623 797 3686 eidem
814 3622 969 3684 seisinam
992 3641 1085 3682 suam
1106 3622 1385 3684 concessissemus
1405 3621 1449 3685 de

193 3727 592 3808 advocationeejusdem
623 3728 760 3791 ecclesie
791 3747 850 3808 per
881 3723 1063 3787 Radulsum
1094 3723 1137 3786 de
1168 3724 1362 3788 Trublevill'
1390 3727 1446 3808 qui

192 3832 352 3914 placitum
384 3832 465 3895 illud
497 3853 557 3914 pro
595 3831 691 3894 nobis
727 3831 937 3913 sequebatur,
967 3850 1026 3892 vos
1056 3828 1232 3891 distulistis
1270 3828 1448 3894 admittere

192 3935 347 3998 clericum
371 3936 475 4017 ipsius
500 3936 620 3997 Prioris
642 3934 685 3997 ad
707 3934 850 3998 eandem
873 3933 1057 4012 ecclesiam,
1072 3953 1113 3995 eo
1136 3932 1226 4015 quod
1250 3934 1446 3998 mandatum

193 4048 343 4101 nostrum
361 4059 427 4102 non
444 4039 636 4120 suscepistis
651 4036 694 4101 de
709 4038 828 4101 clerico
848 4059 909 4101 suo
928 4035 1147 4101 admittendo,
1194 4038 1240 4101 Et
1260 4038 1336 4101 ideo
1352 4038 1447 4102 vobis

193 4141 392 4204 mandamus
401 4140 492 4223 quod
510 4162 576 4203 non
592 4142 755 4204 omittatis
770 4163 810 4205 ea
820 4142 995 4205 occasione
1008 4141 1086 4223 quin
1103 4139 1145 4202 ad
1163 4143 1445 4221 presentationem

192 4244 294 4326 ipsius
319 4245 439 4307 Prioris
456 4244 497 4306 ad
521 4244 664 4307 eandem
680 4244 852 4307 ecclesiam
877 4243 1033 4307 idoneam
1057 4264 1233 4326 personam
1251 4245 1445 4310 admittatis

192 4346 301 4424 Teste,
318 4348 369 4409 W.
386 4347 429 4410 de
454 4348 602 4431 Ralegh’,
618 4348 705 4430 apud
727 4348 1074 4423 Westmonasterium,
1090 4347 1144 4427 viij
1162 4346 1217 4411 die
1237 4348 1447 4425 Novembris,

192 4472 281 4514 anno
297 4452 390 4533 regni
406 4453 510 4514 nostri
526 4451 809 4535 septimodecimo.

280 4659 334 4722 De
379 4660 554 4723 Prebenda
600 4660 730 4722 Boreali
767 4658 810 4722 de
853 4658 1010 4734 Graham
1050 4658 1214 4740 Magistro
1257 4660 1448 4737 Benedicto,

192 4761 319 4825 domini
344 4764 434 4845 Pape
455 4762 637 4846 capellan0,
656 4763 835 4844 assignata,
850 4762 992 4825 habetur
1013 4762 1046 4823 in
1067 4762 1293 4826 memorandis
1311 4773 1345 4827 et
1364 4764 1449 4827 inter

193 4866 329 4948 negotia
346 4866 441 4930 iacta.

518 5063 526 5093 ¹
539 5063 601 5114 The
613 5063 682 5115 later
693 5063 767 5115 hand
780 5063 830 5115 has
843 5063 936 5115 added
948 5062 1021 5131 “iiij·
1034 5061 1118 5129 pars”.
