3550 5692
332 577 402 647 170
665 554 800 627 Rutuli
823 554 1001 651 Hugom's
1026 554 1069 627 de
1105 554 1237 627 Welles

325 791 368 855 ad
391 791 533 856 eandem
557 802 774 875 presentatus,
796 802 831 856 et
854 792 1063 869 Lambertus,
1079 801 1186 855 rector
1204 791 1338 855 alterius
1362 791 1522 874 portionis
1546 790 1583 852 in

325 895 443 959 eadem
467 917 616 959 asserens
631 896 756 959 dictam
780 898 966 979 portionem
984 897 1127 979 portioni
1149 916 1207 959 sue
1226 896 1422 959 auctoritate
1439 894 1581 959 Concilii

326 1000 462 1065 Oxonie
477 1000 598 1065 debere
613 1022 807 1077 accrescere,
816 1001 952 1064 tandem
971 1010 1047 1083 post
1062 1002 1185 1064 multas
1200 1000 1432 1063 altercationes
1448 998 1583 1061 ordina·

326 1106 408 1167 tioni
424 1104 550 1168 domini
568 1104 727 1187 Episcopi
743 1114 871 1187 sponte,
887 1104 1080 1187 simpliciter
1095 1114 1128 1167 et
1145 1104 1296 1167 absolute
1312 1124 1348 1166 se
1368 1102 1582 1183 subjecerunt

326 1209 382 1289 qui
399 1208 431 1271 in
450 1208 522 1270 loco
538 1207 766 1285 ordinationis
776 1208 819 1271 de
834 1228 997 1271 consensu
1014 1207 1095 1271 dicti
1114 1208 1149 1271 L.
1167 1207 1351 1289 predictum
1363 1206 1584 1279 Willelmum,

325 1311 545 1393 capellanum,
568 1310 726 1373 vicarium
759 1311 911 1387 instituit,
937 1311 994 1392 qui
1025 1320 1201 1392 utramque
1231 1310 1417 1392 portionem
1452 1308 1582 1372 tenebit

326 1414 569 1494 quoadvixerit,
601 1413 772 1477 reddendo
806 1414 884 1477 inde
921 1414 1012 1478 dicto
1052 1414 1232 1478 Lamberto
1265 1422 1300 1476 et
1337 1412 1582 1475 successoribus

326 1518 402 1595 suis,
432 1518 594 1581 dictarum
625 1518 816 1601 portionum
855 1520 1013 1601 personis,
1051 1540 1074 1581 x
1114 1538 1242 1581 marcas
1279 1537 1407 1580 annuas
1445 1516 1582 1579 nomine

325 1622 493 1704 pensionis
513 1622 556 1685 ad
577 1622 661 1685 duos
680 1625 840 1687 terminos
860 1623 947 1699 anni,
963 1623 1097 1698 scilicet,
1112 1621 1155 1685 ad
1177 1621 1298 1684 festum
1321 1620 1535 1683 Ascensionis
1560 1640 1580 1681 v

326 1747 454 1791 marcas
469 1737 503 1792 et
518 1727 561 1790 ad
576 1726 697 1790 festum
716 1728 830 1792 Sancti
848 1726 999 1791 Martinil
1024 1748 1044 1789 v
1067 1747 1203 1789 marcas.
1250 1725 1296 1788 Et
1318 1725 1504 1806 injunctum
1528 1733 1580 1786 est

327 1830 376 1907 R.,
393 1831 640 1894 Archidiacono
665 1832 846 1908 Lincolnie‚
862 1832 1017 1915 presenti,
1037 1840 1082 1907 ut,
1102 1841 1163 1894 etc.
1211 1831 1256 1894 Et
1279 1828 1464 1893 notandum
1489 1826 1581 1909 quod

326 1932 482 1996 dominus
503 1934 689 2017 Episcopus
708 1934 836 1997 dudum
860 1945 960 1997 antea
983 1944 1151 2017 receperat
1174 1934 1300 1997 litteras
1323 1932 1451 1995 domini
1476 1930 1583 2011 Regis

326 2038 535 2101 continentes
549 2037 640 2119 quod
662 2038 695 2100 in
712 2039 802 2101 curia
817 2059 878 2102 sua
897 2059 1008 2101 coram
1026 2037 1218 2119 justiciariis
1238 2035 1469 2100 itinerantibus
1489 2033 1579 2115 apud

329 2140 535 2204 Lincolniam
552 2142 708 2204 convenit
725 2142 810 2204 inter
823 2141 1005 2223 Hugonem
1023 2141 1137 2203 Painel
1153 2149 1187 2203 et
1200 2140 1404 2204 Willelmum
1423 2138 1583 2213 Priorem,

326 2251 397 2319 etc,
412 2243 567 2307 videlicet
583 2243 673 2325 quod
689 2245 857 2327 predictus
875 2244 979 2325 Hugo
995 2245 1121 2307 remisit
1139 2253 1173 2307 et
1192 2244 1341 2325 quietum
1361 2242 1517 2305 clamavit
1537 2239 1581 2302 de

326 2367 362 2409 se
382 2356 416 2410 et
440 2346 617 2410 heredibus
637 2348 704 2410 suis
720 2348 811 2411 dicto
828 2348 931 2411 Priori
947 2357 980 2410 et
997 2346 1240 2410 successoribus
1260 2348 1327 2408 suis
1346 2355 1455 2408 totum
1473 2344 1528 2425 jus
1546 2352 1582 2405 et

330 2450 486 2513 clamium
525 2451 614 2532 quod
652 2451 769 2514 babuit
806 2452 839 2513 in
877 2451 1096 2514 advocatione
1134 2449 1281 2533 predicte
1320 2447 1507 2512 medietatis
1545 2446 1579 2507 in

326 2565 532 2636 perpetuum.

326 2772 435 2840 [Simon
451 2775 485 2827 de
500 2776 609 2844 Koleby,
626 2775 776 2843 presented
790 2775 823 2842 by
839 2775 884 2827 tlte
900 2774 987 2827 Prior
1000 2774 1060 2825 anet
1076 2774 1201 2826 Conveni
1218 2772 1254 2840 of
1265 2772 1378 2835 Nocton,
1397 2772 1422 2823 is
1438 2770 1585 2823 instituted

391 2856 632 2924 vicarofNocton.
670 2858 727 2909 Ttre
737 2854 1071 2924 vr'carageisdesm'bed.]

415 2993 584 3057 NOCTON'
614 2992 1014 3073 VICARIA.²—Magister
1052 2991 1168 3056 Simon
1199 2990 1242 3053 de
1281 2989 1416 3071 Koleby
1445 2987 1582 3070 [blank],

327 3108 536 3176 presentatus
567 3120 625 3180 per
656 3099 801 3161 Priorem
832 3106 866 3160 et
896 3106 1097 3160 conventum
1121 3096 1163 3159 de
1189 3095 1331 3157 Nocton'
1355 3093 1396 3156 ad
1424 3094 1579 3155 vicariam

326 3200 464 3263 ecclesie
479 3201 522 3264 de
539 3201 691 3277 Nocton',
706 3201 794 3263 sacta
810 3202 900 3283 prius
921 3200 1133 3281 inquisitione
1154 3219 1212 3280 per
1233 3199 1280 3273 R,
1298 3197 1579 3260 Archidiaconum

328 3302 399 3377 loci,
423 3325 609 3386 perquam,
632 3315 702 3382 etc,
722 3304 764 3367 ad
788 3304 930 3367 eandem
954 3302 1119 3365 admissus
1143 3312 1201 3377 est,
1217 3322 1292 3363 curn
1316 3320 1416 3362 onere
1438 3310 1471 3362 et
1495 3320 1581 3381 pena

327 3407 584 3484 vicariorum,ad
602 3408 798 3470 mandatum
815 3406 942 3469 domini
961 3406 1127 3488 Episcopi.
1174 3405 1344 3479 Consistit,
1355 3414 1476 3477 autem,
1491 3401 1580 3464 dicta

327 3512 456 3589 vicaria,
472 3523 509 3575 ut
525 3514 557 3574 in
575 3512 788 3594 inquisitione
803 3510 953 3593 predicta
968 3510 1165 3584 continetur,
1184 3510 1217 3570 in
1236 3509 1334 3572 tertia
1353 3507 1456 3588 garba
1479 3507 1580 3567 totius

327 3614 455 3677 decime
471 3616 746 3697 parochianorum
763 3614 806 3677 de
822 3613 999 3689 Noketon',
1014 3623 1047 3676 et
1064 3614 1097 3676 in
1118 3613 1188 3694 iiij⁰r
1203 3612 1332 3674 bovatis
1348 3622 1433 3673 terre
1448 3610 1583 3672 arabilis

327 3729 360 3780 et
381 3720 414 3781 in
435 3719 507 3801 iiij⁰r
522 3719 653 3782 bovatis
669 3719 702 3780 in
720 3719 860 3780 marisco
876 3716 1118 3798 pertinentibus
1134 3715 1176 3778 ad
1194 3715 1283 3777 illam
1300 3714 1482 3789 ecclesiam,
1498 3723 1532 3776 et
1547 3714 1580 3774 in

327 3822 483 3884 omnibus
522 3822 658 3884 minutis
695 3821 833 3884 decimis
869 3829 904 3882 et
935 3818 1190 3882 obventionibus
1220 3826 1254 3880 et
1284 3816 1507 3879 oblationibus
1538 3816 1580 3879 ad

327 3924 468 3987 eandem
490 3926 663 3988 ecclesiam
684 3922 970 4006 provenientibus;
990 3932 1023 3985 et
1039 3921 1126 3984 valet
1147 3921 1267 3985 vicaria
1286 3921 1432 4001 quinque
1454 3939 1583 3980 marcas

327 4038 361 4092 et
377 4028 528 4112 amplius.
574 4029 726 4091 Vicarius
743 4037 855 4090 autem
871 4036 1003 4089 tantum
1020 4025 1183 4086 sinodalia
1203 4024 1315 4086 solvet.
1363 4022 1471 4085 Aliter
1494 4021 1581 4084 ordi-

329 4144 407 4194 nata
430 4143 481 4195 est
505 4142 540 4194 ut
564 4133 597 4194 in
621 4142 712 4194 carta
735 4131 797 4207 W,
821 4129 991 4211 quondam
1021 4128 1261 4191 Lincolniensis
1290 4126 1457 4208 Episcopi,
1480 4146 1579 4207 quam

328 4236 452 4299 habent
476 4235 627 4298 canonici
651 4234 834 4297 memorati.
881 4233 928 4295 Et
948 4231 1113 4294 indultum
1134 4241 1185 4294 est
1200 4231 1307 4294 eidem
1331 4231 1493 4312 Magistro
1513 4230 1545 4293 S.
1562 4250 1581 4291 a

327 4339 466 4402 domino
491 4339 668 4420 Episcopo,
684 4336 843 4418 quamdiu
867 4336 929 4397 sibi
954 4335 1122 4417 placuerit,
1145 4345 1181 4397 ut
1203 4334 1309 4397 scolas
1339 4333 1526 4414 frequentet
1548 4341 1583 4394 et

329 4442 488 4505 addiscat.
538 4443 590 4504 lta
605 4452 719 4503 tamen
736 4440 825 4522 quod
842 4440 981 4503 ecclesia
1001 4439 1055 4501 illa
1075 4439 1205 4501 interim
1226 4459 1284 4520 per
1300 4437 1456 4500 idoneum
1473 4436 1583 4518 capel·

328 4546 441 4608 lanum
457 4545 627 4609 officietur.

288 4844 294 4853 ,
396 4784 531 4850 ¹Against
556 4783 770 4835 “Ascensionis”
794 4782 841 4833 the
863 4782 941 4833 word
967 4780 1075 4832 “Mich”
1098 4781 1121 4833 is
1142 4780 1252 4831 written
1272 4780 1299 4831 in
1322 4780 1369 4831 the
1393 4780 1506 4845 margin,
1527 4779 1583 4831 and

328 4868 436 4933 against
448 4874 496 4917 “et
508 4865 544 4917 ad
557 4866 659 4916 festum
673 4866 767 4917 Sancti
782 4864 911 4915 Martini”
923 4879 938 4914 a
950 4863 1028 4914 word
1040 4862 1141 4929 ending
1159 4870 1181 4913 “.
1200 4901 1205 4913 .
1225 4902 1230 4913 .
1248 4862 1328 4915 care’'
1346 4862 1370 4913 is
1387 4862 1511 4924 written;
1535 4862 1583 4913 the

328 4948 386 5001 first
400 4957 461 5015 part
475 4948 506 4999 ol
515 4947 562 4998 the
574 4947 651 4999 word
664 4948 760 4999 istoru
773 4946 817 4997 off.

394 5033 405 5061 ²
416 5031 477 5082 The
489 5032 558 5082 later
570 5030 648 5083 hand
657 5030 707 5082 has
719 5030 811 5081 added
823 5028 943 5081 “vicarie
955 5026 1065 5095 portio'’.
