3550 5692
327 597 378 666 40
667 577 804 650 Rotulz'
827 576 1005 673 Hugom's
1029 576 1073 650 ele
1107 575 1241 649 Welles

331 813 492 892 eiusdem,
513 815 556 878 ad
586 815 742 879 vicariam
772 814 900 897 capelle
929 813 1045 879 Sancti
1070 814 1223 877 Nicbolai
1247 814 1291 878 dc
1315 814 1456 876 Wcston
1484 812 1581 894 perti·

328 919 437 980 nentis
460 918 646 982 addictam
669 918 852 994 ecclesiam,
867 917 956 981 sacta
977 918 1068 1000 prius
1090 918 1303 999 inquisitione
1325 937 1385 1000 per
1400 917 1449 992 R,
1464 915 1581 979 Archi-

328 1020 505 1085 diaconum
531 1021 796 1104 Huntingdonie,
819 1041 878 1104 per
899 1041 1011 1103 quam,
1025 1030 1095 1097 etc,
1114 1020 1157 1084 ad
1179 1020 1321 1084 eandem
1344 1019 1509 1084 admissus
1531 1028 1581 1082 est

327 1134 361 1187 et
377 1125 410 1186 in
425 1145 466 1188 ea
484 1134 663 1207 perpetuus
678 1125 817 1188 vicarius
833 1124 1012 1187 institutus.
1057 1123 1227 1200 Consistit,
1242 1133 1365 1200 autem,
1373 1123 1495 1185 vicaria
1510 1123 1581 1204 ipsa

328 1229 361 1291 in
384 1237 456 1290 toto
479 1227 647 1310 alteragio‚
670 1227 761 1290 salva
784 1228 913 1291 matrici
935 1227 1073 1291 ecclesie
1096 1227 1139 1291 de
1162 1226 1280 1292 Sudho
1302 1225 1472 1309 sepultura
1495 1245 1580 1290 mor·

328 1341 470 1406 tuorum,
485 1331 593 1413 primo
609 1331 730 1413 legat0,
744 1340 778 1394 et
797 1329 1065 1408 honorificentiis,
1080 1351 1145 1412 quc
1162 1330 1289 1392 matrici
1304 1329 1442 1393 ecclesie
1457 1328 1580 1392 deben-

326 1444 379 1497 tur
395 1454 414 1497 a
429 1434 563 1516 capella
611 1435 657 1498 Et
673 1433 869 1498 mandatum
885 1445 936 1498 est
954 1434 1199 1498 Archidiacono
1217 1433 1483 1515 Huntingdonie,
1497 1443 1557 1496 etc.

325 1703 448 1836 [Galba
463 1703 497 1756 de
519 1705 611 1840 Tygrem
626 1704 775 1771 presented
789 1704 823 1772 by
833 1705 915 1770 John
932 1704 967 1757 de
990 1705 1084 1773 rma,
1103 1705 1129 1756 r's
1146 1703 1295 1757 instituted
1310 1709 1338 1756 to
1358 1703 1405 1756 the
1426 1702 1530 1756 church
1550 1703 1585 1770 of

427 1790 554 1839 atton-at·
576 1789 658 1852 tone]

412 1897 815 1979 WATTUN'.—-Magister
848 1897 1017 1961 Gilbertus
1054 1896 1097 1960 de
1130 1897 1245 1979 Tywa‚
1275 1905 1485 1980 presentatus
1523 1916 1580 1977 per

324 2000 512 2081 Johanncm
543 1999 586 2065 de
615 2001 730 2082 Tywa,
755 2000 905 2077 militem,
934 2001 1062 2064 ratione
1091 1999 1242 2063 custodie
1270 2010 1357 2062 terre
1385 2009 1420 2062 et
1450 1997 1579 2062 heredis

327 2103 465 2168 Roberti
481 2103 524 2168 de
539 2104 821 2179 Watbtunestam,
830 2102 873 2166 ad
888 2103 1062 2167 ecclesiam
1078 2103 1121 2167 de
1137 2103 1370 2178 Wathtunest’,
1386 2102 1475 2165 sacta
1490 2103 1579 2184 prius

325 2193 537 2288 inquisitione
574 2227 633 2289 per
670 2208 719 2284 R,
757 2206 1040 2271 Archidiaconum
1079 2206 1345 2289 Huntingdonie,
1382 2227 1441 2289 per
1477 2225 1577 2286 quam

325 2311 506 2392 negotium,
520 2319 591 2386 etc,
606 2310 668 2372 sub
684 2331 770 2392 pena
786 2309 925 2374 Concilii
940 2310 1106 2373 admissus
1124 2320 1175 2374 est
1193 2320 1227 2374 et
1242 2330 1384 2393 persona
1399 2310 1578 2371 institutus.

326 2413 372 2475 Et
387 2413 573 2493 injunctum
589 2422 640 2476 est
655 2411 763 2476 eidem
780 2412 1036 2490 Archidiacono,
1048 2413 1201 2495 presenti,
1213 2422 1259 2488 ut,
1270 2422 1336 2476 etc:
1378 2411 1432 2474 De
1447 2411 1577 2474 ordina·

323 2517 414 2578 tione
438 2516 574 2578 ecclesie
597 2515 639 2578 de
662 2515 862 2579 Wathamst'
883 2515 1025 2579 babetur
1044 2517 1078 2578 in
1101 2516 1209 2579 rotulo
1231 2526 1396 2578 cartarum
1417 2515 1495 2578 anni
1518 2514 1576 2576 xiii

323 2628 460 2701 atergo.

410 2754 478 2837 [On
494 2755 546 2818 the
561 2755 652 2818 dorse
658 2755 728 2837 .·-—]

324 2881 398 2946 [The
408 2881 511 2948 charge
521 2882 556 2949 of
562 2880 607 2933 the
618 2880 718 2933 churclr
730 2882 767 2949 os
772 2880 924 2948 Bradfield
931 2881 956 2932 is
966 2881 1111 2934 entrrarted
1118 2885 1146 2933 to
1158 2879 1322 2933 Alerander
1330 2879 1492 2947 Falconus]

411 2981 572 3045 Custodia
610 2981 747 3045 ecclesie
786 2981 829 3044 dc
871 2981 1068 3046 Bradeselde
1108 2983 1286 3044 commissa
1325 2991 1376 3045 est
1415 2981 1578 3063 Magistro

325 3085 523 3148 Alexandro
549 3085 695 3162 Falconi,
712 3085 754 3148 ad
779 3105 854 3148 eam
875 3106 934 3167 per
950 3085 1176 3167 Radulphum,
1195 3084 1299 3147 filium
1320 3084 1490 3161 Fulkonis,
1506 3105 1577 3166 pre·

323 3198 454 3251 sentato
474 3188 641 3271 usquead
667 3188 839 3269 proximos
862 3189 995 3252 ordines
1018 3199 1096 3251 ante
1119 3189 1239 3251 festum
1261 3189 1375 3253 Sancti
1398 3187 1578 3263 Michaelis

324 3311 412 3354 anno
435 3290 647 3373 pontificatus
667 3290 792 3353 domini
815 3291 974 3374 Episcopi
994 3292 1064 3373 xiij,
1080 3302 1116 3354 ut
1136 3302 1215 3354 tunc
1235 3292 1346 3355 veniat
1364 3291 1576 3354 ordinandus.

326 3395 371 3457 Et
388 3393 585 3458 mandatum
601 3405 652 3458 est
669 3394 916 3458 Archidiacono
934 3395 1197 3478 Huntingdonie.

833 3661 974 3726 Annus
997 3675 1070 3724 xm.

324 3794 428 3863 [Hugh
440 3793 682 3927 debltJ'lemundel.
694 3793 832 3860 chaphtis,
845 3795 870 3846 is
880 3793 1026 3847 instituted
1033 3795 1115 3846 vicar
1122 3795 1159 3862 os
1165 3793 1304 3863 Bygrave.
1348 3795 1406 3847 The
1416 3795 1546 3861 vicarage
1552 3795 1577 3845 is

387 3877 504 3929 desctie
525 3877 544 3941 .]

412 3978 581 4040 BIGRAVA
601 3976 910 4040 Vlc'.—P0rtiones
929 3978 1049 4040 vicarie
1073 3976 1115 4040 de
1141 3977 1281 4060 Bigrave
1305 3988 1338 4041 et
1362 3998 1476 4041 earum
1500 3977 1576 4040 esti-

325 4081 437 4156 mati0‚
457 4078 545 4142 sacta
572 4099 630 4161 per
655 4079 837 4161 capitulum
863 4079 935 4156 loci,
958 4090 1089 4163 recepte
1113 4101 1172 4163 per
1196 4081 1264 4156 Ph,
1294 4080 1574 4144 Archidiaconum

328 4182 596 4265 Huntingdonie:
626 4182 690 4244 Die
700 4182 861 4247 Omnium
874 4184 1074 4248 Sanctorum
1087 4185 1120 4246 in
1130 4183 1354 4247 oblationibus
1364 4185 1412 4246 xii
1424 4184 1575 4246 denarios

324 4298 357 4350 ct
372 4286 490 4350 eodem
508 4285 562 4348 die
577 4287 610 4348 in
631 4287 802 4368 carruagio
822 4287 857 4348 ix
878 4285 1041 4362 denarios
1056 4286 1111 4350 die
1128 4286 1258 4350 Natalis
1275 4286 1412 4348 Domini
1431 4287 1465 4349 in
1485 4285 1575 4348 obla·

324 4388 470 4451 tionibus
486 4388 529 4469 vij
547 4387 670 4450 solidos
686 4398 719 4452 et
738 4390 771 4451 in
791 4409 877 4471 pane
893 4389 947 4469 viij
968 4389 1130 4466 denarios,
1145 4389 1200 4452 die
1220 4389 1460 4452 Purificationis
1481 4389 1576 4452 beate

323 4491 471 4572 Virginis
505 4492 538 4553 in
573 4490 796 4554 oblationibus
831 4491 864 4572 iij
897 4491 1054 4554 solidos(
1083 4493 1136 4556 De
1166 4493 1426 4556 confessionibus
1457 4503 1491 4556 et
1522 4493 1575 4554 die

324 4595 502 4657 Parascues
529 4594 550 4675 ij
575 4594 706 4657 solidos.
757 4595 810 4658 De
832 4596 904 4658 ovis
928 4595 975 4677 xij
1004 4595 1176 4674 denarios;
1207 4596 1262 4660 die
1287 4596 1412 4658 Pasche
1436 4596 1469 4658 in
1485 4594 1575 4658 obla-

324 4697 468 4760 tionibus
491 4697 664 4760 dimidiam
689 4718 842 4761 marcam.
892 4699 930 4760 ln
954 4719 1041 4781 pane
1056 4699 1110 4779 viij
1134 4699 1295 4775 denarios,
1310 4699 1353 4762 de
1373 4700 1475 4781 agnis,
1491 4699 1574 4773 lana,

235 4820 239 4826 ·
324 4810 358 4864 et
374 4800 441 4862 lino
461 4822 512 4862 xx
537 4800 669 4876 solidos,
685 4800 727 4864 de
752 4821 849 4864 caseo
873 4802 928 4864 viii
954 4800 1087 4878 solidos,
1110 4802 1165 4865 die
1189 4801 1313 4867 Sancte
1334 4802 1522 4884 Margarete
1541 4803 1573 4863 in

322 4904 477 4967 omnibus
495 4902 718 4966 oblationibus
734 4904 791 4985 xvj
812 4904 944 4969 solidos.
991 4904 1044 4968 De
1062 4905 1198 4968 minutis
1213 4905 1351 4968 decimis
1369 4915 1403 4969 ct
1420 4906 1574 4968 omnibus

323 5007 394 5070 aliis
419 5005 674 5070 obventionibus
699 5029 722 5070 x
748 5006 879 5070 solidos.
927 5009 1080 5072 Preterea
1098 5007 1165 5070 duo
1184 5008 1349 5090 quarteria
1367 5008 1523 5071 frumenti
1541 5017 1574 5072 ct
