3550 5692
584 556 762 654 Episcopi
793 556 1076 631 Lincolniensz's.
1385 560 1448 629 161

205 794 424 876 Bemetheby,
460 794 549 858 sacta
586 794 677 877 prius
720 794 935 875 inquisitione
981 814 1039 876 per
1085 794 1134 869 R„
1168 793 1452 858 Archidiaconum

204 898 384 974 Lincolnie,
399 919 458 981 per
479 918 590 981 quam,
612 908 684 974 etc,
706 898 750 961 ad
772 897 914 961 eandem
938 898 1103 961 admissus
1125 908 1177 961 est
1199 916 1274 961 curn
1298 919 1398 963 onere
1420 910 1454 963 et

202 1001 298 1083 pena¹
314 1003 519 1065 vicariorum.
566 1002 611 1065 Et
631 1001 816 1082 injunctum
840 1012 891 1065 est
914 1001 1004 1064 dicto
1028 1001 1282 1079 Archidiacono,
1299 1004 1454 1084 presenti,

202 1117 244 1183 ut,
259 1116 321 1169 etc.
368 1106 421 1168 De
436 1107 499 1168 hoc
515 1106 656 1168 habetur
671 1105 800 1188 plenius
816 1106 849 1168 in
865 1105 974 1168 rotulo
989 1115 1153 1169 cartarum
1170 1106 1248 1168 anni
1265 1105 1394 1169 decimi.

131 1217 135 1222 ἡ
202 1256 325 1324 [Walten
338 1257 474 1323 chaplain,
482 1254 630 1323 presented
642 1255 675 1320 by
685 1254 730 1307 tlte
740 1254 829 1308 Abbot
843 1256 905 1307 und
919 1255 1045 1307 Conveni
1053 1256 1089 1323 os
1098 1254 1124 1305 T
1121 1254 1254 1322 npholme,
1268 1256 1293 1307 is
1312 1254 1459 1309 instituted

264 1344 293 1391 to
303 1339 347 1390 tlte
358 1340 489 1405 nicarage
498 1338 535 1405 os
540 1337 656 1390 Market
664 1337 814 1405 Stainton]

288 1459 451 1521 VICARIA
481 1470 530 1518 DE
561 1456 999 1532 STEINTON'.-Walterus
1022 1456 1221 1539 capellanus,
1244 1466 1455 1539 presentatus
1570 1503 1572 1507 -

200 1582 259 1644 per
276 1561 444 1624 Abbatem
460 1569 494 1623 et
515 1569 716 1623 conventum
732 1559 775 1622 de
790 1559 1007 1641 Tupeholem'
1024 1559 1067 1622 ad
1082 1560 1238 1622 vicariam
1259 1561 1396 1623 ecclesie
1411 1560 1455 1624 de

201 1665 375 1746 Stainton’,
390 1663 478 1726 sacta
494 1665 583 1745 prius
600 1662 812 1744 inquisitione
828 1684 886 1744 per
903 1664 951 1740 R,
969 1663 1254 1726 Archidiaconum
1273 1664 1455 1741 Lincolnie,

199 1770 254 1850 qui
276 1788 410 1849 presens
430 1766 602 1849 negotium
622 1767 731 1850 ipsum
753 1768 786 1829 in
806 1766 969 1848 expedito
987 1788 1060 1831 esse
1080 1769 1229 1844 asseruit,
1249 1766 1291 1830 ad
1312 1768 1453 1832 eandem

199 1868 365 1931 admissus
385 1877 436 1930 est
459 1887 535 1928 cum
560 1887 660 1930 onere
683 1876 718 1929 et
746 1885 833 1948 pena
860 1868 1065 1929 vicariorum.
1113 1868 1158 1930 Et
1188 1868 1375 1949 injunctum
1403 1879 1454 1932 est

198 1972 289 2034 dicto
306 1971 561 2047 ArchidiaconO,
577 1972 731 2052 presenti,
747 1981 791 2046 ut,
807 1980 868 2033 etc.

199 2120 317 2189 [Henry‚
328 2120 464 2186 cleaplain,
471 2120 621 2185 presented
628 2120 662 2187 by
672 2119 717 2171 tlte
727 2120 813 2172 Prior
822 2120 858 2188 os
864 2119 982 2173 Sixnills
993 2125 1019 2173 to
1030 2136 1081 2172 one
1092 2120 1208 2188 nudiety
1218 2122 1303 2189 ostie
1313 2123 1413 2175 cdnrcd
1424 2125 1461 2191 of

269 2202 344 2255 West
366 2202 515 2264 Wickdam,
534 2202 594 2254 and
609 2200 643 2268 by
661 2202 706 2253 the
725 2201 812 2254 Prior
827 2202 888 2254 and
910 2201 1035 2254 Convent
1049 2202 1085 2269 os
1099 2202 1220 2271 Markby
1231 2206 1258 2256 to
1274 2204 1319 2256 tlte
1335 2204 1417 2268 other,
1430 2206 1456 2257 is

263 2283 400 2335 admitted
407 2289 434 2335 to
445 2284 507 2336 both
519 2284 676 2347 medidies]
783 2351 796 2373 ·

286 2402 450 2465 VICARIA
473 2416 523 2463 DE
545 2402 658 2465 WEST
680 2401 1087 2477 WICHAM’.-Henricus‚
1103 2402 1307 2485 capellanus
1322 2426 1454 2488 presen-

198 2516 289 2569 tatus
306 2527 364 2588 per
384 2506 529 2568 Priorem
546 2505 588 2568 de
610 2505 726 2587 Syxel’
742 2505 784 2567 ad
810 2525 912 2567 unam
938 2505 1162 2583 medietatem,
1177 2517 1212 2570 et
1232 2529 1291 2590 per
1308 2510 1454 2572 Priorem

197 2620 232 2673 et
256 2619 457 2672 conventum
476 2608 520 2671 de
545 2609 727 2671 Marcham'
747 2608 789 2671 ad
813 2609 914 2671 aliam
939 2608 1152 2672 medietatem
1174 2613 1294 2675 vicarie
1317 2613 1455 2677 ecclesie

198 2713 242 2777 de
272 2713 368 2776 West
399 2712 571 2789 Wicham’,
601 2712 799 2776 auctoritate
832 2711 973 2776 Concilii
1011 2713 1208 2791 ordinatam,
1239 2715 1327 2779 sacta
1364 2718 1455 2799 prius

198 2818 412 2899 inquisitione
439 2837 497 2898 per
523 2817 571 2892 R.,
591 2815 874 2879 Archidiaconum
904 2816 1084 2893 Lincolnie,
1106 2838 1296 2899 perquam,
1320 2830 1390 2897 etc,
1411 2821 1453 2883 ad

197 2920 333 2983 easdem
350 2919 514 2982 admissus
529 2930 580 2981 est
595 2940 672 2982 cum
688 2939 788 2982 onere
803 2929 837 2982 et
852 2939 939 2997 pena
955 2920 1160 2984 vicariorum.
1207 2922 1252 2985 Et
1268 2923 1453 3000 iniunctum

196 3034 248 3087 est
270 3023 361 3086 dicto
385 3023 640 3099 Archidiacorm,
663 3024 816 3104 presenti,
839 3032 885 3099 ut,
907 3032 967 3085 etc.
1014 3024 1092 3087 Non
1116 3025 1293 3089 habuimus
1320 3028 1455 3109 inquisi-

197 3128 326 3190 tionem
345 3127 444 3189 aliam
461 3148 561 3208 quam
578 3129 686 3189 vivam
703 3147 819 3189 vocem
838 3125 1083 3191 Archidiaconi.

197 3278 286 3346 [Joim
301 3277 335 3330 de
350 3278 376 3329 T
372 3278 525 3335 messeliitiz,
536 3276 703 3339 sub-deacon,
709 3277 857 3344 presented
865 3278 899 3346 by
914 3278 1037 3331 Wllium
1049 3278 1200 3343 destincte,
1211 3282 1235 3333 is
1246 3282 1391 3334 instituted
1399 3288 1426 3335 to
1436 3298 1454 3333 a

263 3360 343 3412 third
345 3364 416 3427 part
425 3362 461 3428 os
466 3360 511 3412 tine
521 3359 622 3411 chureii
634 3359 670 3425 os
676 3360 944 3427 Stainton-le-Vale.]

287 3481 489 3544 STanou’
514 3493 604 3543 enus
631 3478 994 3560 rnur1n.-J0hannes
1020 3479 1063 3542 de
1088 3480 1297 3555 Trusselrith‚
1321 3482 1453 3547 subdia-

197 3602 310 3660 conus
341 3592 551 3665 presentatus
578 3603 636 3666 per
662 3581 867 3644 Willelmum
898 3581 941 3645 de
973 3582 1107 3659 Alnet0,
1131 3583 1279 3660 militem,
1310 3584 1352 3647 ad
1383 3587 1454 3668 iij³¹¹²

198 3697 327 3769 partem
344 3687 480 3750 ecclesie
497 3686 538 3750 de
559 3686 733 3762 Stainton’,
749 3685 837 3749 sacta
856 3686 947 3766 prius
967 3687 1179 3768 inquisitione
1195 3708 1253 3770 per
1270 3689 1318 3765 R,
1335 3690 1453 3753 Archi-

197 3790 376 3853 diaconum
394 3791 575 3867 Lincolnie,
591 3810 775 3872 perquam,
791 3800 863 3865 etc,
879 3790 921 3852 ad
944 3790 1084 3853 eandem
1105 3790 1270 3854 admissus
1290 3774 1349 3869 est,
1365 3804 1398 3857 et
1418 3796 1451 3857 in

198 3914 238 3957 ea
257 3895 416 3956 canonice
436 3914 578 3976 persona
597 3894 777 3957 institutus.
825 3893 870 3956 Et
891 3893 1076 3975 injunctum
1096 3904 1147 3957 est
1166 3894 1256 3959 dicto
1277 3896 1452 3961 Archidia-

198 4017 292 4073 con0,
308 3997 461 4077 presenti,
478 4006 523 4073 ut,
539 4006 601 4059 etc.

197 4145 341 4213 [Bernard
359 4146 393 4196 de
418 4145 566 4213 Grimesby,
580 4145 729 4213 presented
750 4145 848 4213 hythe
870 4145 960 4198 Abbot
977 4146 1038 4197 and
1060 4145 1185 4198 Convenit
1205 4146 1241 4213 qs
1258 4148 1404 4215 Beaupoet,
1427 4151 1452 4204 is

264 4227 412 4279 instituted
419 4232 447 4279 to
458 4227 503 4279 tlte
514 4226 614 4280 chureii
625 4228 661 4294 os
666 4226 806 4294 Hateliffe.
843 4227 868 4278 A
877 4227 996 4293 pensione
1009 4228 1033 4278 is
1042 4228 1172 4279 reserved
1180 4233 1207 4281 to
1219 4229 1263 4281 tlte
1276 4229 1419 4300 Conveni]

289 4336 754 4401 HADECLIVE.—Bemardus
770 4336 813 4399 de
829 4336 1026 4419 Grimesby’,
1038 4348 1246 4418 presentatus
1262 4361 1321 4422 per
1336 4342 1451 4406 Abba·

197 4452 266 4505 tem
283 4452 317 4505 et
333 4451 534 4504 conventum
550 4440 592 4503 de
610 4440 703 4503 Bello
725 4441 825 4502 Portu
843 4439 884 4501 ad
906 4439 1079 4503 ecclesiam
1095 4441 1138 4504 de
1156 4442 1348 4522 Hadeclive,
1364 4445 1451 4510 facta

199 4546 289 4628 prius
306 4544 518 4626 inquisitione
534 4566 593 4627 per
610 4545 658 4620 R,
675 4542 959 4606 Archidiaconum
984 4543 1165 4622 Lincolnie,
1181 4567 1240 4628 per
1254 4568 1364 4629 quam,
1380 4561 1450 4627 etc,

197 4649 239 4711 ad
255 4648 398 4711 eandem
415 4647 579 4710 admissus
595 4658 655 4723 est,
667 4657 701 4709 et
717 4647 750 4709 in
766 4667 806 4709 ea
821 4648 980 4709 canonice
996 4668 1138 4729 persona
1153 4650 1343 4731 institutus;
1359 4653 1450 4716 salva

197 4752 294 4815 dictis
312 4751 439 4813 Abbati
459 4761 494 4813 et
509 4751 687 4814 conventui
707 4749 847 4813 dimidia
867 4771 979 4812 marca
998 4771 1109 4813 annua
1128 4773 1186 4834 per
1202 4752 1386 4817 Dominum
1406 4758 1448 4821 H.

394 4913 404 4916 ..
412 4912 451 4917 ...-
458 4912 614 4918 .-.--,-..
626 4913 640 4917 -
647 4912 724 4917 .-.-..
997 4912 1006 4916 -

451 5007 458 5035 ¹
474 5006 527 5057 “Et
540 5004 625 5072 pena''
638 5006 661 5056 is
673 5005 766 5056 struck
780 5012 827 5055 out
840 5004 895 5054 and
907 5002 1004 5055 dotted
1016 5004 1197 5057 underneath.

263 5096 334 5147 Voa.
354 5096 403 5146 111.
1363 5114 1384 5150 Μ
