3550 5692
557 602 737 705 Episcopi
766 602 1047 682 Lincolniensis.
1362 624 1429 703 197

181 844 222 909 de
236 845 450 928 Wikingeby,
465 844 554 908 sacta
570 847 658 928 prius
674 846 887 927 inquisitione
904 865 962 928 per
988 847 1035 923 R,
1051 847 1334 912 Archidiaconum
1353 850 1431 912 Lin-

181 948 293 1025 colnie,
309 969 369 1031 per
390 969 500 1030 quam,
515 958 586 1024 etc,
601 948 644 1011 ad
667 949 809 1012 eandem
833 949 999 1012 admissus
1021 961 1080 1027 est,
1095 962 1130 1014 et
1154 952 1188 1014 in
1211 973 1251 1015 ea
1273 954 1431 1016 canonice

182 1071 321 1132 persona
335 1052 526 1128 institutus;
549 1051 641 1114 salva
664 1052 742 1115 inde
757 1051 854 1114 dietis
872 1053 974 1115 Priori
997 1062 1031 1116 et
1054 1055 1222 1117 canonicis
1240 1076 1305 1118 una
1321 1076 1432 1119 marca

124 1153 126 1157 ’
181 1175 290 1217 annua
299 1155 435 1217 nomine
447 1155 598 1237 perpetui
614 1153 764 1218 beneficii
781 1176 840 1238 per
851 1176 970 1218 manus
983 1157 1085 1238 ipsius
1096 1157 1147 1220 W.
1158 1150 1193 1222 et
1205 1180 1431 1223 successorum

181 1279 313 1321 suorum
345 1258 559 1341 percipienda
589 1259 621 1321 in
652 1258 786 1322 duobus
810 1260 889 1323 anni
915 1261 1073 1337 terminis,
1099 1261 1233 1339 scilicet,
1258 1262 1431 1326 dimidiam

182 1382 326 1426 marcam
353 1363 386 1424 in
411 1361 496 1425 festo
521 1363 734 1427 Pentecostes
750 1374 784 1427 et
803 1363 977 1427 dimidiam
995 1386 1141 1429 marcam
1162 1367 1195 1429 in
1216 1367 1301 1430 sesto
1317 1368 1432 1433 Sancti

183 1466 327 1530 Martini.
373 1466 419 1529 Et
450 1467 656 1543 mandatum,
681 1477 742 1531 etc.
788 1467 844 1551 [In
867 1467 921 1530 tlte
943 1470 1074 1551 margin
1087 1470 1155 1552 .·-]
1184 1472 1316 1535 Desunt
1340 1471 1432 1535 litere

181 1570 443 1652 presentationis

180 1719 319 1784 [Isitmael.
332 1720 472 1788 chaplain,
482 1721 627 1789 presented
640 1721 673 1789 by
683 1721 729 1775 tite
739 1722 816 1775 Earl
824 1723 860 1789 os
877 1722 989 1775 Citester
1002 1724 1063 1777 and
1075 1725 1198 1786 Lincoln,
1211 1728 1236 1779 is
1250 1729 1393 1781 instituted
1407 1734 1433 1783 to

243 1800 290 1854 tite
300 1801 401 1855 churcit
412 1802 448 1869 os
454 1801 626 1871 Rougleton]

268 1913 616 1979 RUCTON’.—Ismael
654 1914 697 1977 de
730 1914 865 1998 [blank],
900 1915 1100 1999 capellanuS,
1135 1930 1344 2000 presentatus
1375 1944 1433 2004 per

182 2019 373 2096 Ranulfum,
385 2018 552 2082 Comitem
569 2017 697 2082 Cestrie
711 2028 746 2080 et
762 2018 945 2095 Lincolnie,
954 2020 997 2083 ad
1014 2020 1188 2084 ecclesiam
1204 2022 1247 2085 de
1258 2024 1434 2109 Ruchton’,

182 2124 269 2187 sacta
280 2124 370 2206 prius
386 2123 600 2204 inquisitione
616 2143 674 2203 per
689 2123 738 2199 R,
754 2122 1038 2188 Archidiaconum
1053 2125 1234 2203 Lincolnie,
1249 2148 1433 2211 perquam,

180 2236 250 2304 etc,
266 2226 308 2289 ad
324 2225 466 2289 eandem
482 2226 648 2289 admissus
664 2235 724 2302 est,
739 2235 800 2289 etc.
846 2225 893 2289 Et
909 2228 1105 2292 mandatum
1122 2240 1173 2294 est
1188 2230 1297 2294 eidem
1315 2232 1432 2295 Archi-

180 2324 323 2388 diacono
338 2334 384 2403 ut,
400 2334 461 2387 etc.
555 2341 558 2347 ·

180 2476 354 2540 [Alexander
361 2474 500 2534 Blundns,
511 2474 678 2531 subdiacon.
686 2474 835 2541 presented
850 2474 884 2543 dy
901 2474 1000 2544 Heney
1015 2476 1049 2529 de
1064 2477 1194 2538 Matisco,
1206 2480 1231 2531 is
1249 2472 1394 2533 instituted
1408 2488 1435 2535 to

245 2558 290 2611 tite
301 2557 402 2610 chureii
413 2557 448 2624 os
458 2556 484 2607 T
480 2555 861 2625 neddtetnorpe-All-Samu]

268 2667 764 2749 TETTLESTORP’.-Magister
793 2666 993 2731 Alexander
1018 2669 1177 2747 Blundu5‚
1202 2671 1434 2751 subdiaconuS,

182 2782 390 2855 presentatus
406 2792 465 2854 per
482 2771 666 2834 Henricum
679 2769 722 2833 de
739 2770 883 2833 Matisco
900 2771 943 2834 ad
959 2772 1132 2837 ecclesiam
1149 2773 1191 2837 de
1203 2774 1434 2860 Tetlesthorp',

181 2876 268 2940 sacta
303 2877 393 2959 prius
428 2876 642 2956 inquisitione
679 2896 737 2957 per
768 2875 817 2950 R,
846 2874 1129 2939 Archidiaconum
1166 2877 1347 2955 Lincolnie,
1377 2902 1435 2963 per

180 3001 291 3062 quarn,
306 2991 377 3057 etc,
392 2978 434 3042 ad
451 2978 593 3042 eandem
610 2978 775 3042 admissus
790 2989 841 3042 est
864 2980 927 3042 sub
940 3000 1025 3061 pena
1042 2980 1190 3045 Concilii.
1237 2982 1284 3045 Et
1307 2982 1434 3064 injunc-

181 3095 252 3148 tum
268 3095 319 3149 est
334 3085 426 3148 dicto
443 3083 702 3161 Archidiacon0‚
718 3084 872 3167 presenti,
888 3094 934 3161 ut,
950 3094 1011 3147 etc.

180 3233 316 3298 [Rickdrd
324 3234 358 3286 de
368 3234 486 3295 Panion,
498 3233 666 3294 suideacon,
674 3225 823 3298 presented
830 3234 862 3300 by
874 3233 919 3286 tite
930 3234 1019 3286 Abbot
1033 3233 1093 3286 nnd
1105 3234 1231 3289 Conveni
1240 3238 1276 3304 os
1290 3237 1434 3305 Croylund,

244 3316 270 3368 is
280 3314 426 3370 instituted
432 3320 459 3368 to
470 3315 515 3368 tlte
526 3315 627 3367 chureii
638 3316 674 3382 os
680 3314 878 3383 Fordington]

269 3425 726 3489 FORDINTON’.—Ricardus
742 3426 785 3489 de
802 3427 955 3502 Paxton',
968 3426 1206 3505 subdiaconus,
1225 3441 1435 3511 presentatus

180 3551 240 3613 per
252 3529 422 3593 Abbatem
438 3540 472 3593 et
487 3539 689 3592 conventum
703 3528 882 3611 Croyland'
899 3530 941 3593 ad
958 3530 1132 3593 ecclesiam
1149 3531 1191 3595 de
1209 3533 1236 3595 F
1238 3533 1435 3617 ordington’,

180 3634 268 3696 sacta
286 3634 375 3715 prius
390 3632 604 3713 inquisitione
620 3652 679 3714 per
689 3632 738 3708 R,
754 3630 1039 3695 Archidiaconum
1057 3633 1239 3711 Lincolnie,
1251 3657 1310 3718 per
1325 3658 1435 3718 quam,

179 3748 251 3814 etc,
266 3738 309 3801 ad
332 3736 474 3799 eandem
497 3736 666 3799 admissus
679 3746 739 3812 est,
754 3744 815 3799 etc.
863 3735 909 3801 Et
933 3736 1119 3818 injunctum
1136 3748 1187 3802 est
1209 3739 1300 3803 dicto
1317 3741 1436 3804 Archi-

181 3842 333 3918 diacon0‚
348 3840 503 3923 presenti,
519 3849 564 3917 ut,
579 3849 640 3904 etc.

181 3989 320 4070 [Wiliinm
331 4000 365 4054 de
378 4000 551 4067 Gerpunvilt,
563 3998 731 4061 nddencon,
738 4000 889 4065 presented
897 4000 930 4068 by
934 4000 1014 4067 John
1024 4001 1058 4054 de
1069 4002 1243 4071 Gerpunvill,
1257 4005 1283 4055 is
1294 4004 1439 4057 instituted

245 4089 273 4136 tn
284 4084 329 4136 the
339 4083 439 4136 chureii
451 4083 487 4150 of
492 4082 567 4135 East
579 4081 769 4149 wrington]

268 4193 373 4279 [E]ST
403 4191 860 4257 TYRINTON’.-Willelmus
891 4194 933 4257 de
965 4195 1176 4279 Gerpunvill',
1204 4197 1436 4275 subdiaconus,

181 4308 392 4382 presentatus
422 4320 481 4381 per
504 4298 693 4380 Johannem
725 4297 768 4360 de
799 4297 1002 4380 Gerpunvill’
1027 4300 1070 4362 ad
1101 4301 1275 4364 ecclesiam
1306 4300 1348 4364 de
1374 4302 1436 4365 Est

181 4401 391 4486 Tyrington’,
414 4402 503 4465 faeta
528 4402 618 4485 prius
645 4401 859 4482 inquisitione
886 4424 946 4484 per
971 4403 1019 4479 R.,
1045 4403 1328 4467 Archidiaconum
1358 4406 1435 4468 Lin-

181 4506 297 4583 colnie,
313 4526 372 4588 per
387 4526 497 4587 quam,
512 4514 583 4581 etc,
598 4503 641 4567 ad
657 4502 799 4568 eandem
817 4503 983 4567 admissus
998 4516 1057 4583 est,
1073 4518 1133 4571 etc.
1180 4508 1226 4569 Et
1249 4506 1435 4588 injunctum

180 4620 232 4674 est
248 4610 339 4674 dicto
356 4608 603 4673 Archidiacono
620 4618 665 4685 ut,
680 4617 741 4672 etc.

180 4762 351 4830 [Angustiae
367 4759 402 4812 de
417 4760 552 4828 Wycnmb,
563 4758 730 4821 subdiacon,
739 4758 888 4824 presented
897 4758 929 4826 by
945 4757 1069 4812 Wllnnm
1081 4760 1249 4828 Lungespe'a
1260 4764 1286 4813 is
1295 4761 1441 4814 instituted

245 4849 273 4897 to
283 4843 329 4895 the
340 4841 440 4895 citurcie
452 4842 488 4909 os
495 4841 633 4907 Sueten]

268 4951 787 5037 [S]WAVETON'.,—-Augustinus
802 4950 844 5013 de
857 4950 1044 5032 Wyeumb',
1060 4951 1292 5030 subdiaconus,
1304 4974 1436 5035 presen-

182 5066 270 5122 tatus
292 5076 350 5140 per
366 5055 571 5119 Willelmum
597 5055 773 5136 Lungesp',
790 5054 917 5116 ratione
933 5055 1047 5118 uxoris
1063 5077 1130 5133 sue,
1146 5055 1188 5118 ad
1205 5055 1377 5131 eeclesiam
1394 5056 1436 5122 de
