3550 5692
618 555 797 652 Episcopi
818 556 1099 630 Lz'ncolne'ensis.
1437 580 1485 650 45

232 799 346 852 tamen
367 790 475 855 littere
489 811 555 853 non
572 790 705 855 fuerunt
722 791 831 873 sigillo
846 801 1032 855 conventus
1056 791 1172 856 Sancti
1196 792 1322 856 Albani
1346 793 1485 875 signate,

231 903 366 976 propter
388 893 478 974 quod
503 895 669 957 Dominus
694 895 881 977 Episcopus
904 906 1013 958 certus
1039 915 1107 958 non
1132 906 1203 959 erat
1230 905 1341 958 utrum
1365 899 1398 959 in
1422 897 1484 958 hac

230 999 477 1078 presentatione
500 997 659 1079 sepedicti
682 1007 866 1062 conventus
890 1000 1121 1062 intervenisset
1136 1019 1299 1076 assensus,
1316 999 1378 1061 nisi
1394 999 1486 1081 quod

231 1100 340 1162 dictus
354 1099 534 1181 Johannes,
551 1101 583 1162 in
600 1100 702 1164 verbo
718 1101 875 1178 veritatis,
892 1101 1064 1183 adjuratus
1087 1101 1225 1165 firmiter
1240 1103 1380 1165 asseruit
1395 1102 1486 1184 quod

231 1203 287 1266 illa
302 1204 506 1285 presentatio
521 1214 555 1269 et
570 1203 625 1266 ille
641 1204 750 1267 littere
764 1214 1006 1268 emanaverunt
1021 1204 1064 1267 de
1080 1206 1285 1269 conscientia
1300 1217 1485 1269 conventus

231 1307 384 1389 predicti3
408 1307 642 1371 nichilominus
666 1317 779 1371 tamen
802 1308 959 1371 dominus
983 1309 1181 1390 Episcopus,
1196 1309 1289 1372 salvo
1309 1309 1383 1390 jure
1405 1311 1486 1372 dicti
1528 1385 1537 1398 ι

230 1421 423 1487 conventus,
447 1411 612 1494 prefatum
642 1411 831 1492 Johannem
863 1411 906 1474 ad
938 1422 1160 1475 memoratum
1188 1413 1370 1495 prioratum
1401 1414 1486 1475 sicut

229 1513 357 1577 dictum
374 1525 425 1578 est
442 1513 599 1592 admisit;
615 1515 662 1577 ita
677 1514 778 1597 quod,
794 1515 820 1576 si
840 1516 912 1578 sine
928 1536 1064 1578 assensu
1085 1516 1187 1597 ipsius
1208 1527 1392 1580 conventus
1413 1537 1485 1598 pre-

230 1628 380 1680 sentatus
399 1627 495 1694 esset,
511 1639 609 1699 super
629 1619 692 1681 hoc
711 1618 821 1683 eidem
845 1619 1024 1682 conventui
1048 1618 1268 1700 prejudicium
1292 1639 1360 1680 non
1384 1618 1485 1695 fieret,

230 1730 281 1784 set
304 1741 362 1802 per
392 1722 478 1784 hanc
506 1721 744 1784 admissionem
772 1732 806 1785 et
837 1723 1082 1786 institutionem
1114 1722 1215 1784 nichil
1247 1732 1359 1787 actum
1389 1730 1486 1786 esset.

232 1825 413 1906 Postquam
430 1825 531 1906 igitur
553 1825 662 1888 dictus
684 1825 857 1906 Johannes
880 1825 924 1888 ad
948 1835 1170 1889 memoratum
1194 1827 1377 1908 prioratum
1400 1828 1485 1889 sicut

230 1927 356 1990 dictum
373 1937 424 1992 est
440 1929 503 1991 suit
519 1929 693 2004 admissus,
707 1928 831 2009 juravit
847 1930 910 2010 ipsi
926 1929 1065 1991 domino
1090 1929 1260 2012 Episcopo
1282 1940 1317 1992 et
1339 1951 1485 1993 success-

229 2031 341 2094 oribus
357 2033 425 2094 suis
440 2034 636 2096 canonicam
660 2032 911 2110 obedientiam;
934 2032 996 2108 cui,
1012 2043 1088 2111 post
1111 2033 1237 2095 dictam
1256 2034 1482 2096 obedientiam

229 2135 361 2212 factam,
377 2136 486 2199 dictus
503 2137 691 2219 Episcopus
712 2137 869 2217 injunxit,
885 2138 918 2199 in
935 2137 1056 2199 virtute
1072 2136 1272 2213 obedientie,
1288 2147 1325 2199 ut
1345 2137 1485 2219 diligen-

229 2239 310 2301 tiam
330 2249 513 2322 apponeret
533 2240 576 2302 ad
596 2240 843 2331 impetrandum
861 2241 988 2303 litteras
1011 2250 1195 2302 conventus
1220 2240 1335 2304 Sancti
1360 2240 1484 2303 Albani

229 2343 271 2405 de
281 2364 444 2406 consensu
457 2364 572 2406 eorum
582 2344 733 2407 adhibito
743 2344 833 2406 dicte
849 2345 1087 2426 presentationi
1104 2354 1137 2406 et
1148 2343 1249 2426 quod,
1259 2345 1348 2426 ipsas
1358 2343 1486 2407 litteras

229 2446 368 2508 domino
385 2447 554 2529 Episcopo
570 2447 654 2509 inira
670 2457 796 2510 certum
813 2457 947 2528 tempus
964 2447 1086 2510 laceret
1102 2447 1232 2510 habere.
1273 2448 1319 2510 Et
1335 2447 1485 2527 injunxit

229 2547 385 2612 dominus
429 2549 616 2633 Episcopus
655 2550 904 2613 Archidiacono
949 2550 1206 2632 Huntingdonie
1247 2551 1336 2632 quod
1375 2551 1504 2632 ipsum„

231 2651 376 2717 Priorem
393 2654 426 2715 in
444 2653 649 2735 corporalem
666 2655 910 2734 possessionem
931 2652 1017 2716 illius
1039 2655 1202 2735 prioratus
1222 2653 1322 2733 juxta
1343 2655 1485 2717 sormam

230 2757 425 2836 premissam
443 2756 623 2820 induceret.
663 2757 752 2819 Acta
768 2767 845 2819 sunt
861 2757 922 2819 hec
938 2778 1049 2820 coram
1066 2757 1204 2820 domino
1219 2757 1370 2838 Jocelino
1383 2758 1485 2820 Bath-

229 2861 360 2922 oniensi
393 2861 572 2942 Episcop0,
597 2860 746 2923 Roberto
776 2860 1025 2923 Archidiacono
1058 2860 1323 2942 Huntingdonie‚
1351 2861 1485 2942 Rogero

228 2964 425 3045 cappellano
441 2965 521 3028 dicti
537 2965 665 3027 domini
683 2964 927 3039 BathoniensiS,
952 2965 1123 3045 Magistris
1146 2963 1316 3026 Willelmo
1339 2964 1381 3026 de
1406 2963 1485 3026 Lin-

228 3067 337 3128 colnia
374 3077 408 3130 et
447 3068 629 3130 Amaurico
659 3067 702 3130 de
734 3067 964 3148 Buggindene,
987 3067 1154 3129 canonicis
1186 3066 1484 3142 Lincolniensibus,

228 3169 398 3232 Willelmo
428 3170 471 3233 de
502 3170 775 3246 Winchecumbe,
806 3170 942 3234 Olivero
972 3171 1014 3232 de
1044 3169 1227 3245 Chednet0,
1257 3169 1412 3249 Johanne
1442 3169 1485 3232 de

229 3273 431 3356 Bannebiry‚
446 3284 480 3337 et
496 3274 656 3350 Euzebio,
671 3273 805 3336 clericis

576 3538 718 3604 Annus
742 3539 921 3622 Qunurus
945 3539 1128 3602 Dacruus.

227 3678 268 3741 [T
264 3677 377 3810 maol)
371 3679 406 3731 de
416 3678 507 3743 Bosco,
520 3680 628 3747 oronte,
636 3678 786 3747 presented
793 3680 827 3747 by
838 3679 1005 3746 Geoffreyde
1014 3679 1095 3740 Zoin,
1105 3679 1129 3730 is
1138 3678 1285 3731 instituted
1293 3683 1320 3730 to
1331 3679 1483 3731 thecinrclr

292 3761 328 3828 of
371 3760 493 3828 estmill]

289 3870 729 3960 ¹WESTMELL'.-—Quarto
771 3871 845 3934 idus
889 3871 1058 3934 Februarii
1100 3870 1248 3934 Thomas
1288 3870 1332 3933 de
1369 3871 1485 3948 Bosco,

228 3973 395 4050 accolitus,
427 3983 636 4055 presentatus
674 3996 732 4056 per
763 3974 948 4039 Galfridum
979 3973 1022 4036 de
1053 3974 1136 4036 Zoin
1167 3972 1209 4037 ad
1239 3973 1412 4036 ecclesiam
1442 3974 1487 4038 de

228 4076 413 4152 Westmell,
437 4076 525 4140 facta
550 4077 639 4159 prius
666 4077 879 4158 inquisitione
904 4097 962 4159 per
982 4076 1049 4151 Ph,
1070 4075 1351 4139 Archidiaconum
1373 4076 1485 4140 Hunt-

228 4179 395 4260 ingdonie,
411 4200 599 4262 perquam,
616 4190 686 4256 etc,
702 4179 866 4242 admissus
882 4189 933 4242 est
949 4179 991 4242 ad
1007 4178 1158 4256 eandem,
1173 4189 1207 4263 et
1223 4179 1256 4241 in
1272 4200 1312 4242 ea
1327 4182 1485 4243 canonice

227 4303 370 4363 persona
385 4268 564 4346 institutus.
612 4283 657 4345 Et
674 4283 869 4346 mandatum
886 4292 937 4345 est
954 4282 1199 4345 Archidiacono
1215 4273 1373 4365 predict0,
1387 4293 1447 4346 etc.

227 4553 373 4622 [Nicitolas
382 4553 417 4605 de
426 4553 646 4621 Kinemereford
660 4552 827 4616 snideacon,
834 4553 986 4620 presented
992 4554 1027 4620 by
1044 4553 1090 4605 the
1100 4553 1188 4621 King,
1201 4554 1226 4605 is
1237 4552 1388 4606 instituted
1395 4560 1423 4606 te
1439 4553 1485 4607 tite

291 4635 391 4688 chnrch
402 4636 436 4703 os
443 4635 578 4704 Langley,
589 4640 693 4688 vocant
702 4635 734 4702 by
744 4634 790 4687 tte
800 4636 973 4702 resignation
984 4636 1020 4701 of
1025 4634 1121 4687 Adam
1132 4633 1167 4686 de
1179 4634 1345 4703 craderii]

316 4760 727 4825 LINLEYA.—Nicholaus
749 4761 793 4823 de
816 4760 1081 4836 Kinemeresord,
1100 4760 1331 4837 subdiaconus
1352 4781 1485 4844 presen-

227 4875 318 4928 tatus
334 4885 393 4946 per
407 4863 580 4926 dominum
598 4860 737 4946 Regem,
750 4863 877 4927 ratione
893 4874 1052 4927 terrarum
1071 4864 1316 4927 Normanorum
1333 4865 1367 4932 in
1383 4886 1483 4927 manu

227 4989 288 5030 sua
313 4968 540 5043 existentium,
562 4967 604 5030 ad
629 4967 802 5030 ecclesiam
830 4966 873 5029 de
896 4967 1047 5049 Lingleg'
1069 4976 1242 5030 vacantem
1270 4967 1312 5032 ad
1340 4969 1485 5049 resigna-
