3550 5692
541 589 544 594 ⁴
577 559 758 656 Epescopz‘
777 558 1097 634 ‘lincolneense'sh
1384 582 1451 654 153
1499 654 1506 665 ¹

199 796 340 861 eandem
364 798 530 861 admissus
552 809 613 876 est,
627 809 689 862 etc.
736 799 782 862 Et
805 797 995 879 injunctum¹
1016 809 1067 885 est
1090 799 1181 863 dicto
1205 799 1452 863 'Archidiacono

195 911 239 977 ut,
254 912 316 964 etc.

196 1094 305 1163 [Hugn
319 1096 457 1162 cheplazn.
463 1096 613 1163 presented
628 1096 661 1165 by
676 1096 723 1149 tte
737 1096 828 1150 Aenon
842 1096 905 1149 and
922 1097 1098 1165 Conventus
1107 1096 1255 1157 Tdernton.
1269 1097 1293 1149 is
1310 1098 1455 1151 instituted

259 1179 340 1231 vicar
347 1179 383 1245 ef
392 1177 505 1246 Gresby.
543 1178 600 1231 Tlee
611 1179 743 1257 vicaeage
754 1180 780 1231 is
790 1178 946 1247 described]
960 1199 966 1207 ,
989 1201 994 1208 ·=
1146 1201 1150 1208 ¹

281 1314 444 1378 VICARIA
468 1301 520 1376 DE'
542 1304 896 1396 GREssSEBY.-Hugo
912 1314 955 1377 de
978 1313 1113 1397 [blank],
1134 1313 1359 1396 cappellanuS,
1380 1336 1451 1397 pre-

192 1427 343 1481 sentatus
359 1438 418 1499 per
435 1417 604 1481 Abbatem
620 1428 655 1481 et
675 1427 877 1481 conventum
894 1408 941 1480 de
953 1407 1158 1481 Thorenton’
1175 1416 1218 1479 ad
1234 1418 1391 1480 vicariam
1408 1418 1451 1481 de

194 1521 370 1603 Gresseby,
386 1520 473 1586 sacta
489 1523 579 1604 prius
595 1522 816 1603 inquisitione·
826 1542 885 1603 per
903 1522 951 1597 R,
962 1521 1248 1591 Archidiaconum
1266 1521 1450 1598 Lincolnie,

194 1645 377 1706 perquam,
392 1635 463 1702 etc,
478 1625 521 1688 ad
537 1626 680 1689 eandem
697 1625 862 1688 admissus
877 1634 938 1702 est,
950 1634 984 1688 et
1000 1626 1033 1687 in
1050 1646 1090 1688 ea
1105 1646 1181 1715 cum
1198 1646 1298 1689 onere
1313 1635 1347 1688 et
1365 1645 1452 1708 pena

192 1728 398 1805 vicariorum,
422 1739 483 1793 etc.
540 1729 701 1793 Consistit
733 1739 846 1792 autem
877 1729 950 1811 ipsa
974 1729 1096 1792 vicaria
1126 1729 1159 1791 in
1191 1738 1263 1792 toto
1289 1726 1450 1810 alteragio

194 1841 303 1912 preter
332 1831 480 1894 decimas
510 1852 682 1914 agnorum,
712 1852 789 1894 curn
821 1852 940 1894 manso
975 1841 1189 1913 competente
1227 1832 1269 1895 ad
1307 1831 1450 1895 eandem

194 1934 350 1996 vicariam
381 1936 559 2017 assignem,
583 1946 617 1999 et
642 1935 729 1999 valet
755 1958 776 1998 v
801 1956 937 1999 marcas
985 1936 1030 1998 Et
1061 1935 1249 2017 injunctum
1280 1945 1332 1999 est
1359 1936 1450 2000 dicto
1567 1954 1575 1991 .·

195 2038 452 2114 Archidiacon0‚
468 2049 529 2102 etc.

194 2241 303 2309 [Roger
311 2241 345 2293 de
361 2241 500 2305 Pikewrd,
514 2242 653 2309 chaplain
659 2244 811 2310 presented
822 2242 856 2311 by
871 2243 997 2295 Wllz'nm
1008 2243 1043 2295 de
1052 2202 1198 2305 Nenetnn,
1207 2242 1353 2309 guardian
1367 2242 1402 2308 of
1408 2241 1453 2294 the

259 2322 322 2375 heir
330 2324 366 2392 os
371 2323 472 2375 Robert
479 2323 513 2375 de
524 2323 665 2385 Pikewrd,
678 2325 702 2376 es
713 2324 858 2378 instituted
866 2330 893 2377 to
905 2326 950 2377 tlte
961 2324 1061 2377 ehnrclr
1073 2324 1109 2391 os
1114 2324 1294 2392 Piekwoetlr.]

283 2459 689 2542 PYKEWRD’.—-Rogerus
704 2461 747 2524 de
767 2460 929 2537 Pikewrd,
945 2461 1145 2543 capellanus
1162 2471 1373 2543 presentatus
1395 2480 1453 2542 per

196 2561 402 2624 Willelmum
420 2563 465 2626 de
485 2564 668 2640 Newetunss
684 2565 812 2627 ratione
827 2560 984 2629 custodie
1005 2576 1090 2628 terre
1109 2575 1143 2629 et
1164 2565 1294 2628 heredis
1315 2563 1452 2626 Roberti

194 2663 237 2726 de
255 2665 415 2741 Pikewrd,
431 2666 473 2729 ad
493 2668 668 2730 ecclesiam
685 2668 728 2730 de
752 2668 915 2745 Pikewrd,
932 2669 1020 2731 facta
1043 2670 1133 2750 prius
1158 2669 1293 2749 inquisit
1297 2668 1371 2730 ione
1395 2668 1453 2748 per

198 2768 245 2843 R,
262 2767 545 2832 Archidiaconum
571 2770 753 2847 Lincolnie,
771 2792 956 2853 perquam,
972 2782 1043 2848 etc,
1059 2772 1101 2834 ad
1123 2772 1264 2835 eandem
1287 2771 1452 2834 admissus

194 2880 255 2944 est,
264 2882 334 2948 ete,
343 2883 378 2936 et
394 2874 427 2934 in
443 2893 483 2936 ea
499 2895 575 2936 cum
592 2895 692 2937 onere
707 2885 741 2937 et
758 2895 845 2957 pena
863 2876 1071 2952 vicariorum,
1083 2886 1145 2939 etc.
1193 2876 1237 2938 Et
1254 2875 1451 2971 mandatum

196 2984 254 3064 est·
262 2973 370 3037 eidem
389 2976 637 3040 Archidiacono
653 2987 699 3053 ut,
714 2989 775 3041 etc.

193 3185 285 3250 [John
295 3186 330 3238 de
348 3187 465 3256 Claxeby
480 3188 553 3241 Plnc
566 3190 643 3252 Aere,
661 3190 829 3252 subdeaeon,
836 3190 987 3256 presented
1003 3193 1035 3258 by
1050 3191 1217 3258 Henmson
1235 3190 1270 3257 os
1281 3190 1404 3242 Wlle'am
1421 3186 1454 3239 de

263 3267 385 3336 Claxeby,
397 3271 421 3321 eis
433 3271 578 3323 instituted
586 3278 613 3323 to
624 3272 669 3325 the
680 3270 781 3325 churcle
792 3272 829 3339 es
838 3271 861 3323 C
860 3272 941 3340 lenby
952 3272 1121 3341 Pluekacre.]

283 3410 435 3475 CLAXBY
453 3415 558 3477 PLUK
575 3415 908 3498 ACRE.-Johannes
929 3415 973 3479 de
993 3416 1147 3498 Claxeby
1164 3416 1243 3478 Pluc
1264 3416 1361 3491 Aere,
1377 3413 1452 3475 sub-

195 3514 365 3592 diaconuS,
381 3526 591 3598 presentatus
615 3539 674 3600 per
700 3519 895 3595 Henricum,
912 3518 1016 3581 filiurn
1040 3519 1199 3591 Willelmi
1223 3518 1266 3582 de
1290 3517 1452 3599 Claxeby,

194 3617 238 3680 ad
261 3619 436 3682 ecclesiam
455 3619 606 3701 ejusdem
627 3622 711 3698 ville,
728 3622 816 3685 facta
837 3624 927 3705 prius
951 3623 1164 3704 inquisitione
1186 3644 1245 3704 per
1269 3624 1317 3698 R,
1334 3621 1451 3685 Archi·

197 3722 375 3784 diaconum
401 3723 583 3801 Lincolnie‚
599 3746 659 3807 per
681 3746 792 3807 quarn,
807 3737 878 3803 etc,
895 3727 937 3789 ad
961 3726 1103 3790 eandem
1127 3726 1292 3789 admissus
1314 3736 1374 3801 est,
1389 3736 1450 3788 etc.

199 3826 243 3889 Et
259 3826 457 3889 mandatum
474 3838 526 3891 est
541 3828 632 3891 dicto
649 3829 896 3893 Archidiacono
912 3841 958 3907 ut,
973 3840 1034 3894 etc.

195 4064 290 4131 [John
300 4064 334 4115 de
345 4065 560 4133 Frotnr'nglram,
572 4066 740 4127 subdeecon,
753 4070 779 4119 is
789 4066 907 4119 collated
915 4066 976 4119 and
983 4067 1152 4135 afterwards
1158 4067 1306 4133 presented
1319 4067 1351 4135 by
1358 4066 1452 4134 ⁴Hugh

261 4145 295 4197 de
306 4145 427 4207 NeenilL
440 4152 467 4198 to
478 4147 523 4199 the
534 4147 635 4201 churele
647 4148 683 4216 of
692 4149 819 4217 Gayten]

284 4279 696 4364 GAYTONA.-Johannes
742 4284 784 4347 de
832 4284 1094 4366 Frothingham',
1132 4284 1363 4359 subdiaconus¹
1401 4284 1452 4346 cui

196 4383 354 4447 dominus
378 4385 582 4468 *Episcopus
619 4388 794 4454 ecclesiam
826 4388 868 4451 de
900 4388 1046 4452 Gaitona
1083 4390 1284 4451 auctoritate·
1314 4386 1453 4453 Concilii

198 4486 391 4564 contulerat,
415 4499 626 4570 presentatus
650 4500 768 4572 postea
791 4512 849 4573 per
874 4492 1056 4574 Hugonem
1080 4491 1123 4555 de
1148 4491 1297 4568 Neovill’,
1313 4491 1454 4572 receptis

198 4590 315 4653 litteris
339 4590 471 4654 domini
499 4593 601 4675 Regis
632 4613 691 4675 per
714 4614 797 4675 quas
827 4594 1005 4657 constabat
1035 4596 1144 4676 ipsum
1173 4593 1228 4675 jus
1258 4598 1453 4676 patronatus

196 4692 348 4774 ejusdem
371 4695 515 4759 ecclesie
529 4697 562 4758 in
579 4698 669 4786 curia
689 4696 817 4760 domini
840 4698 943 4780 Regis
959 4699 1104 4775 evicisse,
1120 4699 1154 4760 in
1172 4697 1290 4761 eadem
1313 4717 1454 4779 persona

198 4797 239 4860 de
270 4799 358 4861 no'vo
388 4809 439 4861 est
469 4800 546 4862 insti
550 4783 651 4877 tutuS,
680 4810 715 4863 et
734 4801 823 4864 fecit
854 4802 1010 4864 dominus
1032 4802 1229 4884 Episcopus
1253 4821 1361 4883 super
1389 4801 1452 4863 hoc

199 4901 328 4964 litteras
344 4888 421 4964 suas
441 4906 595 4985 patentes
615 4902 707 4966 dicto
732 4905 880 4986 Hugoni,
896 4915 938 4967 ut
953 4906 986 4967 in
1007 4905 1116 5018 rotulo
1135 4915 1299 4968 cartarum
1320 4926 1341 4967 a
1359 4913 1453 5039 tergq

198 5003 349 5085 ejusdem
368 5005 712 5073 Archidiaconatus
766 5009 769 5013 ’
