3550 5692
339 560 407 645 164
672 553 809 627 Rotulz'
831 552 1008 649 Hngonz's
1033 554 1076 625 de
1111 551 1244 627 Willes

331 790 502 873 expedito,
525 790 567 854 ad
590 790 732 854 eandem
756 791 921 854 admissus
944 800 1004 867 est,
1026 798 1060 855 et
1083 791 1116 854 in
1139 810 1180 855 ea
1201 811 1278 854 cum
1301 812 1410 868 onere,
1433 802 1494 855 etc.
1540 791 1586 855 Et

333 893 518 975 injunctum
535 904 586 958 est
600 894 691 957 dicto
708 893 963 969 Archidiacono,
979 894 1133 976 presenti,
1149 904 1194 971 ut,
1209 904 1269 956 etc.

331 1065 445 1133 [Robrrt
454 1064 488 1117 de
498 1064 667 1127 Kadenheia,
680 1064 786 1126 diacon,
796 1063 944 1129 presented
951 1063 984 1132 by
994 1063 1040 1117 the
1050 1062 1140 1115 Arbor
1148 1063 1210 1115 and
1220 1063 1346 1117 Convent
1355 1065 1391 1132 os
1400 1064 1549 1125 Thomna,
1561 1066 1587 1116 is

329 1150 332 1156 ’
396 1144 542 1198 instituted
549 1150 577 1197 to
587 1144 632 1197 tire
643 1144 743 1197 ciinrcli
755 1144 791 1206 of
796 1145 830 1196 K
825 1144 945 1213 cistere]

420 1264 877 1346 KELESTERN'.-Magister
908 1264 1075 1328 Robertus
1105 1265 1147 1329 de
1179 1264 1385 1343 Kadenheia,
1415 1266 1586 1341 diaconus

331 1377 539 1449 presentatus
555 1388 614 1449 per
630 1367 799 1430 Abbatem
815 1377 849 1430 et
869 1377 1070 1431 conventum
1087 1368 1130 1431 de
1145 1369 1330 1432 Thornton'
1346 1368 1388 1432 ad
1409 1368 1584 1432 ecclesiam

330 1471 373 1533 de
401 1472 605 1547 Kelesterne‚
626 1481 799 1534 vacantem
824 1492 865 1533 eo
890 1472 979 1553 quod
1007 1472 1173 1535 Henricus
1190 1473 1233 1535 de
1257 1472 1422 1548 Haddon',
1438 1472 1586 1549 clericuS,

330 1576 386 1655 qui
402 1596 476 1638 eam
493 1576 611 1638 ultimo
627 1574 742 1649 tenuit,
757 1574 846 1637 aliud
868 1574 1075 1649 beneficium,
1091 1576 1142 1637 cui
1159 1596 1245 1651 cura,
1261 1586 1332 1651 etc,
1347 1576 1517 1638 confessus
1531 1586 1584 1639 est

330 1678 363 1739 in
378 1679 524 1761 capitulo
547 1678 679 1761 puplice
700 1700 735 1741 se
756 1699 861 1759 nuper
882 1680 915 1741 in
940 1678 1088 1760 partibus
1105 1679 1233 1743 Scottie
1254 1680 1425 1761 recepisse,
1440 1689 1473 1742 et
1495 1679 1583 1743 sacta

329 1782 419 1863 prius
436 1783 648 1864 inquisitione
669 1802 727 1864 per
743 1782 791 1858 R,
808 1781 1090 1844 Archidiaconum
1115 1782 1295 1856 Lincolnie‚
1312 1802 1370 1865 per
1385 1802 1496 1864 quam,
1511 1792 1583 1858 etc,

329 1885 371 1947 ad
396 1885 537 1948 eandem
568 1884 732 1947 admissus
762 1895 822 1960 est,
851 1894 885 1947 et
912 1886 944 1947 in
976 1906 1016 1947 ea
1045 1886 1204 1948 canonice
1229 1906 1370 1967 persona
1401 1886 1580 1950 institutus

332 1989 521 2071 lnjunctum
537 2001 588 2054 est
603 1989 694 2052 dicto
712 1989 966 2065 Archidiacono‚
983 1990 1136 2072 presenti,
1152 2001 1196 2066 ut,
1213 1999 1273 2052 etc.

327 2158 417 2225 [Jolm
434 2160 583 2222 Romnus,
601 2159 733 2211 sub-dean
750 2159 785 2226 os
803 2158 879 2221 rori,
895 2157 1042 2226 presented
1055 2159 1088 2226 by
1105 2159 1150 2211 the
1165 2159 1254 2211 Abbot
1273 2158 1334 2211 and
1349 2160 1473 2213 Conveni
1492 2160 1528 2227 eff
1541 2161 1580 2213 St.

391 2240 483 2305 Mary,
501 2240 578 2302 l'ork,
592 2242 617 2293 is
627 2239 771 2293 instituted
780 2246 806 2292 to
817 2240 863 2293 the
873 2240 973 2293 chureii
986 2240 1021 2307 os
1027 2240 1152 2305 Borion]

415 2360 598 2424 Ecctssm
615 2360 755 2425 Senem
778 2360 945 2423 BoTuLm
963 2373 1004 2423 us
1024 2360 1440 2441 Horetum-Magister
1455 2360 1580 2441 Johan-

327 2486 385 2528 nes
411 2465 592 2538 Romanus,
615 2463 824 2526 subdecanus
856 2463 1008 2539 Eboraci,
1031 2472 1240 2546 presentatus
1270 2484 1329 2545 per
1352 2463 1522 2527 Abbatem
1546 2473 1579 2526 et

326 2577 526 2631 conventum
551 2567 675 2632 Sancte
699 2567 805 2629 Marie
829 2566 971 2629 Eboraci
995 2567 1037 2630 ad
1060 2567 1233 2629 ecclesiam
1259 2567 1374 2631 Sancti
1399 2567 1520 2630 Botulfi
1545 2568 1578 2629 in

328 2670 494 2747 Hoiland',
510 2670 598 2733 facta
613 2672 703 2752 prius
720 2670 933 2752 inquisitione
948 2691 1007 2751 per
1029 2671 1076 2743 R,
1094 2670 1376 2733 Archidiaconum
1398 2671 1578 2745 Lincolnie,

327 2796 516 2859 perquam,
539 2785 609 2849 etc,
632 2774 673 2837 ad
697 2773 838 2837 eandem
863 2774 1027 2837 admissus
1050 2784 1110 2850 est,
1125 2783 1159 2837 et
1186 2774 1218 2836 in
1242 2795 1282 2836 ea
1306 2796 1364 2856 per
1388 2774 1579 2849 Ricardum,

326 2880 489 2955 clericum,
520 2888 765 2961 procuratorem
796 2898 903 2953 suum,
933 2878 1092 2941 canonice
1121 2898 1263 2960 persona
1298 2879 1477 2965 institutus.
1533 2879 1578 2941 Et

326 2981 521 3044 mandatum
537 2991 588 3044 est
603 2980 694 3043 dicto
711 2980 958 3043 Archidiacono
974 2991 1018 3057 ut,
1034 2991 1068 3044 et
1083 2990 1199 3043 cetera.

325 3168 462 3234 [Ri'clrard
475 3167 509 3219 de
526 3167 690 3235 Stdpelford,
709 3166 875 3228 sid-diacon,
891 3166 1037 3234 presented
1051 3166 1084 3234 by
1100 3166 1145 3218 tire
1156 3166 1190 3217 K
1186 3166 1323 3234 uiginti-T
1319 3168 1446 3234 emplum,
1459 3169 1484 3219 is
1499 3169 1578 3219 insti·

387 3250 465 3301 tuted
478 3255 504 3301 to
520 3249 565 3301 tiu
576 3249 677 3301 chnrcir
689 3250 724 3316 of
730 3249 915 3317 Dom'ngton.]

411 3369 876 3450 mirumst-Magister
893 3368 1055 3431 Ricardus
1071 3368 1113 3431 de
1129 3368 1329 3450 Stapelsord,
1345 3368 1576 3445 subdiaconus

324 3482 532 3554 presentatus
555 3493 614 3554 per
636 3471 835 3553 Magistrum
851 3481 885 3534 et
908 3470 1024 3533 fratres
1049 3472 1169 3533 Militie
1185 3471 1317 3552 Templi
1341 3472 1374 3534 in
1392 3472 1517 3553 Anglia
1533 3472 1573 3534 ad

323 3577 496 3638 ecclesiam
520 3575 562 3638 de
587 3575 802 3657 Dunington’‚
825 3574 1025 3658 facta.prius
1053 3576 1265 3658 inquisitione
1295 3595 1354 3657 per
1385 3576 1432 3651 R,
1457 3575 1574 3638 Archi-

323 3680 500 3764 diaconum
520 3680 700 3756 Lincolnie‚
715 3690 749 3742 et
767 3681 907 3761 receptis
927 3679 1043 3742 litteris
1061 3679 1188 3742 domini
1206 3680 1307 3761 Regis
1327 3680 1573 3742 continentibus

323 3783 413 3864 quod
440 3784 518 3863 quia
542 3793 673 3846 constat
698 3784 727 3845 ei
759 3804 818 3864 per
847 3784 1088 3864 inspectionem
1119 3793 1209 3845 carte
1239 3783 1376 3859 Conani,
1403 3782 1573 3863 quondam

324 3887 463 3950 Comitis
488 3887 666 3962 Britannie,
682 3897 716 3949 et
740 3908 799 3969 per
822 3886 1107 3948 confirmationem
1124 3885 1162 3966 J,
1180 3887 1289 3968 Regis,
1308 3885 1397 3967 quod
1426 3886 1574 3968 predicta

322 3990 461 4053 ecclesia
477 3990 518 4052 ad
536 3988 751 4053 donationem
773 3990 913 4071 predicti
935 3990 1087 4072 Magistri
1106 4000 1140 4051 et
1160 3989 1296 4051 fratrum
1314 3989 1446 4072 Templi
1462 3990 1573 4054 dinos-

323 4094 407 4155 citur
437 4095 608 4175 pertinere,
631 4114 689 4175 per
712 4115 784 4175 que,
807 4103 876 4169 etc,
901 4093 942 4156 ad
973 4092 1115 4156 eandem
1143 4092 1307 4156 admissus
1329 4104 1389 4169 est,
1412 4105 1472 4157 etc.
1529 4096 1573 4157 Et

323 4196 508 4276 injunctum
525 4208 575 4260 est
591 4197 681 4259 dicto
698 4196 953 4273 Archidiacono,
966 4197 1119 4278 presenti,
1132 4206 1168 4259 ut
1184 4198 1291 4279 ipsum
1309 4198 1342 4258 in
1359 4197 1584 4279 corporalem,

321 4308 402 4374 etc.;
426 4299 532 4376 salvis
548 4310 619 4374 etc,
636 4310 671 4362 ut
687 4301 719 4361 in
736 4310 956 4361 cartaeorum
974 4299 1086 4375 Anno,
1102 4308 1172 4361 xx0.

322 4468 462 4534 [Wlliam
473 4468 507 4520 de
518 4469 547 4519 F
545 4469 640 4529 ulebec,
650 4468 817 4530 niddeacon,
831 4470 855 4520 is
866 4470 1013 4521 instituted
1021 4474 1047 4520 to
1059 4470 1103 4522 tire
1113 4469 1213 4521 clrnrcir
1226 4471 1261 4537 of
1270 4468 1466 4537 Timberland]

408 4578 916 4643 TIMBERLUND'.—-Willelmus
961 4580 1003 4642 de
1048 4580 1200 4656 Fulebec,
1245 4579 1476 4655 subdiaconus
1519 4581 1570 4643 cui

320 4681 476 4745 dominus
494 4684 680 4766 Episcopus
701 4684 873 4746 ecclesiam
890 4683 932 4746 de
949 4682 1184 4760 Timberlund',
1201 4684 1321 4745 Prioris
1337 4693 1370 4745 et
1389 4695 1571 4747 conventus

321 4784 363 4847 de
400 4786 611 4867 Thurgarton
642 4786 752 4869 quoad
786 4786 1050 4862 advocationem,
1083 4787 1280 4848 auctoritate
1316 4785 1444 4848 domini
1481 4787 1571 4869 Pape

321 4890 469 4965 contulit,
485 4890 526 4951 ad
548 4888 689 4952 eandem
712 4889 876 4951 admissus
895 4900 954 4966 est,
970 4899 1003 4951 et
1025 4890 1057 4951 in
1081 4909 1216 4951 cacum
1238 4909 1338 4951 onere
1362 4890 1569 4954 ministrandi

321 4994 536 5078 personaliter
551 4994 583 5054 in
605 4992 732 5068 eadem,
753 4992 936 5055 secundum
962 5003 1111 5055 tenorem
1137 4992 1170 5053 in
1194 4993 1310 5056 litteris
1333 4993 1460 5055 domini
1481 4993 1570 5074 Pape
