3550 5692
348 585 416 673 196
685 577 821 652 Rutuli
843 576 1022 675 Hugone‘s
1047 577 1091 650 de
1125 574 1257 649 Welles

342 816 479 886 [nenne
497 815 531 868 ee
552 812 764 882 Wesenberg,
780 811 952 873 sudeam,
964 811 1114 879 precene
1135 808 1231 879 syene
1252 808 1330 861 Ean
1349 809 1384 876 os
1405 807 1519 860 cnam
1538 805 1600 858 ane

406 897 530 961 Lincoln,
537 898 563 949 is
573 894 719 949 instituted
726 901 753 948 to
763 894 809 948 tite
819 894 935 963 mede’en
945 896 977 963 of
986 894 1031 948 tite
1043 893 1144 947 cieurcit
1155 894 1187 961 of
1200 893 1325 961 Toynton
1336 890 1429 944 which
1440 890 1552 942 Martiis
1563 887 1598 940 de

407 976 687 1047 synonymiae]

428 1095 847 1162 TOYNTON'.—Ricardus
868 1094 912 1159 de
936 1093 1189 1176 Wassingburg,
1209 1093 1442 1169 subdiaconus,
1463 1111 1597 1174 presen-

341 1212 430 1265 tatus
455 1221 513 1284 per
540 1200 684 1263 nobilem
702 1198 818 1276 vimm,
835 1198 1003 1263 Comitem
1029 1197 1156 1262 Cestrie
1180 1207 1215 1261 et
1239 1197 1421 1273 Lincolnie‚
1437 1194 1481 1259 ad
1504 1195 1595 1258 illam

341 1305 554 1368 medietatem
585 1301 723 1365 ecclesie
748 1301 791 1365 de
816 1301 985 1384 Toynton'
1012 1321 1077 1383 que
1108 1300 1169 1365 luit
1198 1301 1334 1365 Martini
1361 1300 1403 1364 de
1431 1299 1596 1382 Sybecay,

340 1407 428 1471 sacta
445 1407 534 1489 prius
550 1405 763 1487 inquisitione
779 1426 838 1487 per
854 1405 903 1481 R,
913 1403 1197 1467 Archidiaconum
1217 1404 1398 1481 Lincolnie‚
1411 1425 1469 1487 per
1484 1424 1596 1487 quam,

339 1522 409 1587 etc,
424 1510 466 1573 ad
490 1510 632 1573 eandem
649 1508 815 1573 admissus
833 1519 894 1585 est,
908 1519 943 1573 et
966 1509 999 1571 in
1019 1530 1059 1573 ea
1074 1509 1234 1572 canonice
1250 1528 1391 1590 persona
1415 1509 1594 1571 institutus.

343 1616 388 1679 Et
405 1614 602 1679 mandatum
618 1623 669 1677 est
684 1613 776 1677 dicto
792 1612 1040 1677 Archidiacono
1056 1622 1102 1690 ut,
1116 1622 1177 1677 etc.

339 1784 491 1851 [Matthew
508 1783 542 1835 de
559 1783 710 1846 Kelneseia,
723 1782 893 1843 suideaeon
906 1783 1054 1850 presented
1070 1782 1104 1850 dy
1119 1782 1165 1835 tite
1180 1782 1270 1835 Aiiot
1286 1783 1346 1835 and
1365 1782 1491 1835 Convent
1508 1783 1544 1850 os
1555 1782 1595 1835 St.

403 1865 520 1930 Martin,
533 1865 607 1925 Stes,
618 1866 644 1917 is
654 1864 800 1917 instituted
807 1870 836 1918 to
845 1865 891 1918 tlte
904 1864 1005 1918 chureii
1016 1866 1053 1934 os
1058 1864 1098 1917 St.
1111 1862 1203 1933 Many,
1216 1864 1305 1917 Sentit
1313 1863 1432 1932 Kelsey]

427 1983 812 2066 KELESIA.-Magister
836 1984 993 2047 Matheus
1016 1982 1059 2047 de
1083 1983 1263 2047 Kelneseia
1289 1983 1322 2046 in
1348 1982 1595 2060 Houlderness',

338 2088 570 2164 subdiaconus,
581 2098 789 2169 presentatus
805 2108 864 2169 per
876 2086 1048 2151 Abbatem
1059 2096 1093 2150 et
1109 2095 1312 2151 conventum
1330 2087 1445 2152 Sancti
1458 2087 1594 2151 Martini

339 2192 509 2274 Sagiensis
532 2190 575 2254 ad
602 2190 777 2254 ecclesiam
803 2190 928 2255 Sancte
954 2190 1060 2254 Marie
1085 2190 1128 2253 de
1153 2190 1296 2268 Kelesie,
1316 2190 1406 2253 facta
1429 2192 1519 2273 prius
1546 2192 1594 2253 in-

337 2295 516 2377 quisitione
547 2314 606 2376 per
636 2294 686 2371 R,
717 2293 1001 2358 Archidiaconum
1034 2294 1215 2371 Lincolnie‚
1239 2316 1297 2378 per
1324 2315 1435 2377 quam,
1457 2305 1528 2371 etc,
1550 2295 1592 2358 ad

337 2398 480 2462 eandem
505 2398 670 2461 admissus
692 2407 828 2474 estete.
875 2397 921 2461 Et
945 2398 1141 2462 mandatum
1165 2410 1217 2463 est
1239 2399 1330 2463 dicto
1346 2399 1594 2463 Archidiacono

337 2510 384 2578 ut,
399 2510 461 2566 etc.

339 2672 452 2737 [Robert
460 2671 494 2724 de
504 2670 610 2731 Stanes,
622 2670 761 2739 chapiain,
769 2671 920 2737 presented
932 2671 1023 2740 hythe
1034 2671 1200 2724 Abierant
1216 2672 1341 2725 convent
1355 2673 1391 2740 os
1407 2672 1556 2737 Waltham,
1569 2674 1594 2726 is

401 2752 547 2805 instituted
554 2759 581 2806 to
592 2753 637 2805 tlte
650 2751 751 2805 cirnrch
762 2753 799 2821 of
807 2751 931 2822 Croxby.]

425 2871 822 2953 crossum-Magister
846 2871 1014 2935 Robertus
1037 2871 1079 2935 de
1096 2872 1227 2949 Stanes,
1242 2871 1443 2954 capellanus,
1460 2896 1592 2956 presen-

337 2984 427 3038 tatus
455 2995 514 3057 per
539 2974 709 3038 Abbatem
735 2983 769 3038 et
794 2986 997 3039 conventum
1024 2974 1067 3039 de
1090 2976 1261 3041 Waltham
1283 2976 1325 3039 ad
1351 2977 1527 3041 ecclesiam
1551 2979 1593 3043 de

338 3078 507 3161 Croxeby‚
523 3077 611 3141 lacta
626 3079 716 3162 prius
733 3079 949 3161 inquisitione
966 3100 1024 3163 ρετ
1041 3081 1090 3159 R,
1107 3081 1391 3145 Archidiaconum
1411 3082 1592 3163 Lincolnie‚

338 3203 522 3265 perquam,
538 3192 608 3259 etc,
623 3182 666 3245 ad
689 3182 832 3246 eandem
848 3183 1015 3246 admissus
1030 3194 1089 3260 est,
1104 3194 1138 3248 et
1163 3185 1196 3248 in
1219 3206 1260 3247 ea
1275 3186 1435 3249 canonice
1451 3208 1593 3269 persona

339 3287 519 3362 institutus,
535 3306 611 3349 cum
627 3305 728 3349 onere
744 3286 954 3350 ministrandi
974 3286 1191 3370 personaliter
1210 3288 1243 3350 in
1259 3287 1386 3352 eadem.
1434 3290 1479 3353 Et
1500 3310 1593 3354 man-

336 3388 455 3453 datum
471 3400 522 3453 est
537 3389 647 3453 eidem
664 3389 913 3454 Archidiacono
928 3401 974 3467 ut,
989 3400 1049 3455 etc.

337 3584 445 3648 [Adam
462 3583 496 3637 de
513 3585 651 3650 Steynten,
664 3584 802 3651 chaplaen,
809 3588 917 3654 parson
934 3586 969 3652 of
983 3601 1034 3639 one
1050 3586 1168 3653 mediety
1182 3586 1217 3653 os
1228 3586 1273 3639 tite
1289 3586 1389 3641 chnrcie
1406 3589 1442 3656 os
1453 3589 1593 3643 Stainton·

404 3666 630 3735 inungerent,
637 3666 787 3734 presented
796 3665 830 3735 by
845 3666 940 3734 Rutili
956 3667 990 3719 de
1005 3667 1194 3730 Normanuill,
1212 3668 1238 3719 is
1248 3668 1391 3721 instituted
1405 3675 1431 3722 to
1447 3670 1492 3723 tite
1507 3673 1592 3735 other,

403 3762 469 3801 now
485 3747 670 3800 consolidated
678 3747 748 3801 wien
760 3747 942 3817 deformet]

427 3841 811 3908 &mironi—Adam
836 3843 878 3907 de
902 3843 1087 3927 Steynton',
1107 3843 1307 3927 capellanus,
1331 3866 1472 3928 persona
1495 3852 1591 3914 unius

339 3943 528 4008 medietatis
557 3944 696 4009 ecclesie
725 3945 767 4009 de
798 3947 983 4029 Steynton’,
1013 3956 1221 4031 presentatus
1251 3968 1310 4031 per
1341 3949 1523 4015 Radulium
1550 3954 1591 4018 de

342 4047 559 4111 Normanvill’
573 4048 614 4111 ad
631 4048 732 4112 aliam
743 4050 958 4114 medietatem
975 4051 1078 4133 ipsius
1088 4050 1234 4128 ecclesie,
1247 4052 1335 4115 sacta
1350 4054 1440 4135 prius
1456 4057 1590 4139 inquisi-

339 4152 430 4214 tione
453 4171 512 4233 per
529 4152 577 4229 R,
594 4151 876 4215 Archidiaconum
902 4152 1083 4231 Lincolnie‚
1099 4175 1282 4237 perquam,
1297 4165 1368 4235 ete,
1383 4157 1426 4221 ad
1449 4162 1589 4227 eandem

339 4254 553 4318 medietatem
584 4256 826 4320 consolidatam
856 4278 933 4320 cum
971 4258 1096 4338 reliqua
1126 4257 1291 4323 admissus
1320 4269 1380 4337 est,
1410 4273 1444 4325 et
1481 4264 1514 4326 in
1552 4286 1590 4329 ea

339 4359 498 4421 canonice
514 4379 656 4441 persona
678 4359 859 4437 institutus,
875 4380 951 4423 cum
968 4380 1069 4424 onere
1084 4360 1293 4425 ministrandi
1317 4366 1535 4445 personaliter
1557 4370 1589 4432 in

338 4460 465 4524 eadem.
511 4462 558 4523 Et
574 4460 770 4526 mandatum
786 4472 838 4526 est
852 4463 962 4527 eidem
981 4463 1227 4528 Archidiacono
1243 4474 1288 4543 ut,
1303 4476 1364 4531 etc.

336 4629 477 4698 [Wiliiam
488 4630 522 4683 de
535 4630 655 4695 Gretten,
667 4631 835 4696 sed-deacon,
847 4633 996 4700 presented
1010 4634 1098 4702 tytiee
1113 4634 1200 4687 Pn‘nr
1213 4634 1275 4687 and
1290 4635 1400 4691 Canens
1416 4642 1448 4707 os
1467 4640 1588 4710 Torksey‚

400 4714 426 4765 is
442 4713 587 4765 instituted
600 4719 628 4766 to
643 4714 689 4767 tite
704 4714 805 4768 ennrcn
821 4716 856 4784 os
871 4715 1023 4784 Wicieenby.
1056 4717 1105 4769 An
1120 4719 1232 4771 annual
1239 4724 1376 4789 paynnnt
1388 4724 1423 4790 os
1434 4739 1452 4775 a
1469 4725 1549 4778 mark
1565 4726 1590 4777 is

401 4794 530 4847 reserved
536 4800 564 4847 to
575 4795 620 4848 tlte
632 4794 775 4865 Conveni]

424 4914 855 4996 WYKINGBv.-Magister
884 4917 1073 4983 Willelmus
1102 4919 1145 4984 de
1175 4920 1336 5001 Gretton’,
1359 4924 1588 5003 subdiaconus

339 5024 547 5099 presentatus
569 5038 627 5099 per
647 5018 793 5081 Priorem
809 5029 843 5082 et
863 5023 1041 5085 canonicos
1056 5021 1099 5087 de
1120 5024 1337 5111 Thorkeseya
1353 5027 1394 5091 ad
1415 5028 1586 5093 ecclesiam
