3550 5692
602 536 781 645 Epeicopi
803 535 1087 622 lincolniensis.
1275 604 1278 608 -
1409 542 1473 641 187

216 798 287 866 etc,
303 789 394 853 venit
416 798 450 853 et
473 789 666 871 recognovit
689 788 722 851 in
745 785 864 852 eadem
888 788 979 851 curia
1002 787 1152 871 predicto
1178 788 1281 851 Priori
1305 798 1474 871 presenta-

217 893 344 956 tionem
359 912 454 955 suam
475 890 518 955 ad
541 890 683 955 eandem
700 890 896 968 ecclesiam;
921 891 1009 967 item,
1026 891 1166 974 receptis
1187 890 1304 955 litteris
1322 891 1475 973 ejusdem

218 996 346 1061 domini
382 997 485 1078 Regis
513 995 761 1058 continentibus
791 994 881 1077 quod
915 995 1025 1059 David
1057 994 1222 1078 Anglicus
1252 1006 1286 1059 et
1318 995 1477 1073 Matildis,

217 1120 305 1162 uxor
326 1099 406 1181 ejus,
423 1098 540 1182 Agnes
563 1099 606 1163 de
629 1100 800 1176 Walecot’,
815 1100 962 1181 Juwetta
984 1100 1027 1163 de
1051 1099 1296 1183 Repplinghal’,
1312 1109 1346 1165 et
1372 1100 1475 1165 Lucia
1565 1118 1572 1137 ⁸

216 1201 259 1265 de
277 1202 417 1285 Iwarby,
426 1204 621 1266 summoniti
637 1224 749 1266 coram
757 1203 947 1284 justiciariis
958 1204 1025 1266 suis
1036 1202 1125 1285 apud
1139 1203 1474 1269 Westmonasterium

217 1305 260 1369 ad
290 1306 561 1389 respondendum
592 1306 733 1383 Tlrome,
765 1307 868 1369 Priori
899 1305 942 1369 de
974 1306 1248 1389 Semplingham’,
1275 1328 1378 1389 quare
1407 1326 1475 1370 non

217 1410 446 1493 permiserunt,
471 1420 542 1487 etc,
566 1419 729 1473 venerunt
759 1411 793 1472 in
823 1409 941 1474 eadem
973 1410 1064 1473 curia
1088 1421 1122 1474 et
1153 1420 1417 1493 recognoverunt
1442 1420 1476 1476 et

217 1524 451 1577 concesserunt
470 1514 579 1577 eidem
600 1513 704 1576 Priori
724 1513 1008 1595 presentationem
1025 1533 1120 1576 suam
1141 1513 1183 1576 ad
1209 1513 1352 1577 eandem
1373 1514 1476 1579 eccle-

217 1616 311 1679 siam.
357 1615 512 1679 Preterea
542 1617 630 1679 idern
663 1617 764 1693 Prior,
795 1617 828 1679 in
866 1616 985 1679 eadem
1023 1618 1114 1679 curia
1152 1628 1273 1693 nostra,
1304 1637 1363 1699 per
1399 1638 1477 1681 con-

216 1718 453 1783 siderationem
476 1719 627 1800 ejusdem
650 1721 740 1783 curie
763 1721 968 1803 recuperavit
992 1720 1147 1783 seisinam
1172 1739 1267 1783 suam
1290 1719 1475 1785 decadem

217 1823 438 1887 advocatione
461 1844 575 1888 versus
598 1824 781 1907 predictam
807 1824 956 1899 Luciam,
973 1824 1167 1906 participem
1192 1825 1339 1907 ipsorum
1365 1823 1476 1888 David

213 1925 250 1991 'et
277 1926 449 2003 Matilldis,
472 1927 624 2010 Agnetis,
647 1939 682 1992 et
706 1928 857 2009 Juwette,
879 1949 938 2009 per
961 1927 1121 1991 defaltam
1144 1927 1247 2010 ipsius
1272 1927 1393 2006 Lucie;
1418 1948 1477 2011 per

217 2053 291 2115 que,
321 2052 396 2095 cum
429 2033 601 2115 negotium
635 2042 722 2096 esset
760 2033 793 2093 in
831 2031 1001 2114 expedito,
1039 2032 1082 2095 ad
1120 2031 1262 2095 eandem
1301 2031 1475 2095 ecclesiam

217 2135 383 2199 admissus
406 2146 466 2212 est,
484 2146 518 2199 et
541 2136 604 2199 sub
626 2157 713 2218 pena
736 2134 875 2200 Concilii
895 2136 1055 2199 canonice
1077 2156 1219 2217 persona
1242 2135 1413 2199 institutus
1444 2134 1476 2196 in

217 2240 345 2303 eadem.
392 2240 437 2303 Et
453 2240 640 2321 injunctum
656 2251 708 2304 est
722 2239 813 2303 dicto
830 2239 1087 2317 Archidiacon0,
1103 2240 1258 2323 presenti,
1274 2249 1310 2304 ut
1331 2239 1475 2304 eundern

218 2343 256 2408 G.
274 2344 307 2406 in
324 2343 529 2426 corporalem
547 2345 649 2425 ipsius
664 2344 802 2407 ecclesie
818 2345 1063 2426 possessionem
1082 2344 1182 2407 saciat
1199 2343 1319 2407 induci.

219 2512 356 2582 [Mz'cna'el
363 2514 398 2565 de
412 2514 574 2576 Thomton,
586 2514 693 2577 (nacon,
706 2514 732 2566 is
742 2513 858 2566 collated
866 2520 894 2567 to
905 2515 950 2567 tite
961 2514 1060 2567 cnnrcit
1073 2514 1109 2581 os
1121 2514 1254 2581 Stenigot.
1292 2514 1350 2567 The
1355 2512 1478 2581 pension

282 2594 319 2662 os
322 2612 354 2646 10
365 2594 499 2662 shillings
509 2595 534 2646 ir
544 2595 673 2648 reservent
682 2601 709 2648 to
719 2595 765 2647 tire
775 2595 862 2648 Prior
870 2596 931 2649 and
941 2596 1112 2663 conventos
1121 2596 1148 2647 T
1143 2595 1292 2661 rentiam]

307 2714 768 2779 STANINGGOD’.-Michael
785 2715 827 2779 de
842 2715 1059 2793 Thorneton',
1071 2716 1240 2793 diaconus
1253 2716 1305 2779 cui
1321 2715 1477 2779 dominus

219 2817 407 2900 Episcopus
430 2818 603 2882 ecclesiam
620 2817 663 2882 de
687 2818 918 2901 Staninghod'‚
941 2819 984 2883 de
1007 2840 1170 2883 consensu
1195 2819 1317 2883 Prioris
1340 2829 1374 2883 et
1397 2840 1476 2883 con-

216 2931 336 2986 ventus
366 2921 409 2985 de
439 2922 634 2998 Trentham,
658 2931 873 3004 patronorum
905 2923 1066 3005 ejusdem,
1089 2923 1242 2999 contulit,
1265 2924 1354 2987 facta
1385 2923 1476 3007 prius

216 3025 431 3107 inquisitione
454 3047 513 3110 per
536 3027 585 3101 R,
608 3026 892 3090 Archidiaconum
918 3027 1100 3105 Lincolnie,
1123 3048 1316 3111 perquam,
1339 3039 1410 3106 etc,
1433 3026 1476 3092 ad

217 3128 370 3206 eandem,
385 3130 428 3193 ad
444 3150 558 3193 eorum
575 3128 868 3212 presentationem,
884 3130 1049 3194 admissus
1068 3140 1128 3208 est,
1143 3142 1177 3195 et
1196 3132 1229 3193 in
1250 3152 1291 3195 ea
1313 3131 1375 3195 sub
1391 3152 1479 3214 pena
1522 3206 1525 3213 ¹

218 3232 359 3297 Concilii
396 3234 556 3297 canonice
586 3254 727 3315 persona
765 3235 944 3299 institutus.
991 3236 1037 3298 Et
1074 3233 1260 3315 injunctum
1298 3244 1349 3299 est
1387 3233 1479 3300 dicto

220 3335 476 3413 Archidiacono‚
493 3336 647 3418 presenti,
668 3347 713 3413 ut,
735 3348 816 3414 etc.;
849 3337 942 3400 salva
964 3338 1090 3401 eisdem
1116 3337 1219 3401 Priori
1242 3347 1276 3401 et
1299 3340 1478 3403 conventui

219 3461 331 3504 annua
354 3450 388 3503 et
417 3440 532 3504 debita
557 3439 673 3504 decem
704 3440 885 3504 solidorum
912 3444 1072 3523 pensione
1098 3441 1141 3505 de
1167 3440 1294 3506 eadem.
1341 3440 1397 3526 [ln
1425 3442 1479 3506 tlte

219 3544 351 3626 margin
362 3542 431 3626 .·-]
456 3543 588 3607 Desunt
604 3543 697 3607 litere
713 3545 979 3627 presentationis.

218 3712 312 3781 [John
329 3712 364 3765 de
379 3712 492 3781 Hayles,
511 3712 618 3776 deacon,
632 3713 782 3781 presented
796 3713 831 3781 by
847 3714 893 3767 the
910 3714 997 3768 Pn'or
1011 3715 1073 3769 and
1094 3716 1221 3769 Conveni
1237 3714 1274 3783 os
1284 3713 1437 3783 Spalding,
1455 3714 1480 3769 is

283 3794 429 3847 instituted
437 3800 465 3847 to
477 3795 523 3848 tlte
533 3794 634 3867 chureii
645 3795 800 3865 oan‘bsey.]

308 3905 706 3987 CYBECEv.—Johannes
735 3905 778 3970 de
812 3907 949 3989 Hayles,
975 3906 1145 3985 diaeonus,
1175 3916 1387 3990 presentatus
1417 3928 1477 3991 per

221 4009 367 4073 Priorem
392 4018 427 4072 et
456 4019 659 4073 conventum
684 4009 727 4073 de
758 4010 942 4094 Spauding'
966 4011 1010 4075 ad
1040 4012 1214 4075 ecclesiam
1244 4010 1287 4074 de
1318 4010 1476 4094 Cybecey

219 4122 406 4188 vacantem,
418 4112 507 4175 facta
523 4113 613 4195 prius
629 4113 845 4195 inquisitione
860 4136 920 4198 per
930 4116 979 4192 R,
993 4114 1276 4178 Archidiaconum
1295 4114 1477 4192 Lincolnie,

221 4234 406 4298 perquam,
421 4225 493 4291 etc,
507 4213 551 4277 ad
565 4214 708 4278 eandem
723 4215 890 4280 admissus
906 4227 958 4281 est
976 4217 1039 4280 sub
1055 4237 1142 4301 pena
1157 4216 1307 4294 Concilii,
1321 4226 1382 4281 etc.
1429 4217 1475 4281 Et

224 4318 423 4382 mandatum
438 4328 490 4382 est
505 4318 597 4381 dicto
612 4318 861 4385 Archidiacono
875 4331 923 4399 ut,
938 4331 999 4385 etc.

220 4487 364 4556 [Willr‘am
374 4489 409 4541 de
418 4488 535 4556 Ralegit,
547 4488 714 4554 mecon,
722 4492 870 4557 presented
878 4490 913 4558 by
923 4491 969 4544 the
979 4489 1139 4544 Abbotand
1151 4490 1277 4543 Conveni
1285 4490 1322 4557 os
1330 4489 1478 4560 Croyland,

286 4570 362 4638 aster
368 4584 388 4621 a
397 4569 506 4637 dt'spute
517 4570 601 4623 about
608 4570 654 4623 tire
658 4574 823 4641 patronage,
836 4574 862 4625 is
872 4572 1017 4627 instituted
1024 4576 1052 4625 to
1062 4570 1108 4624 tite
1118 4570 1219 4624 chureii
1230 4572 1266 4639 os
1276 4570 1446 4641 Whaplode]

308 4679 792 4763 QUAPPELAD'.—Willelmus
807 4683 850 4748 de
867 4683 1015 4766 Ralegh’,
1025 4681 1258 4759 subdiaconus,
1268 4690 1478 4765 presentatus

221 4806 280 4869 per
295 4783 468 4847 Abbatem
483 4794 518 4848 et
532 4797 734 4850 conventum
751 4787 794 4850 de
810 4787 989 4870 Croyland’
1006 4786 1048 4851 ad
1069 4786 1244 4850 ecclesiam
1260 4785 1303 4849 de
1319 4784 1479 4869 Quappe·

222 4888 286 4951 lad’
316 4896 504 4965 vacantem,
533 4888 622 4952 sacta
658 4891 748 4972 prius
778 4892 994 4973 inquisitione
1023 4911 1082 4973 per
1112 4889 1161 4966 lt,
1192 4887 1476 4953 Archidiaconum

224 4990 405 5067 Lincolnie,
430 5001 464 5055 et
494 4993 635 5075 receptis
665 4993 782 5058 litteris
808 4995 936 5059 domini
968 4994 1071 5077 Regis
1101 4992 1349 5057 continentibus
1378 4993 1479 5076 quod,
