3550 5692
325 570 393 658 136
658 565 794 638 Rotuli
815 565 994 663 Hugonis
1018 564 1062 639 de
1097 566 1229 641 Welles

318 811 411 865 tente
436 810 471 864 et
493 819 586 865 mera
608 812 643 865 et
669 812 855 883 spontanea
878 802 1052 866 voluntate
1081 803 1287 867 concedente
1312 803 1403 886 quod
1435 804 1573 887 predicti

319 904 437 967 Abbas
452 914 486 968 et
501 914 685 968 conventus
701 917 923 969 memoratum
934 904 1088 969 clericum
1105 905 1167 969 hac
1183 908 1255 970 vice
1270 917 1471 989 presentent,
1483 908 1574 971 salvo

315 1007 390 1089 jure
410 1028 471 1070 suo
489 1008 523 1070 in
540 1018 709 1089 posterum
733 1007 944 1085 admittendi,
960 1029 1019 1091 per
1039 1028 1113 1090 que,
1132 1020 1203 1088 etc,
1224 1010 1389 1073 admissus
1409 1020 1460 1074 est
1481 1021 1514 1074 et
1540 1012 1573 1073 in

318 1132 358 1174 ea
380 1112 540 1175 canonice
562 1131 705 1195 persona
727 1112 907 1177 institutus.
954 1113 999 1176 Et
1018 1113 1204 1194 injunctum
1225 1124 1276 1177 est
1291 1113 1382 1177 dicto
1399 1114 1574 1178 Archidia-

319 1235 405 1278 cono
421 1224 466 1292 ut,
481 1224 543 1279 etc.
589 1215 667 1278 Non
683 1214 846 1279 habemus
862 1215 989 1279 litteras
1005 1217 1268 1297 presentationis.

316 1401 462 1471 [Gcoffrey,
482 1402 618 1469 ckaplain,
630 1401 780 1469 presented
794 1401 828 1469 by
844 1402 890 1455 the
903 1402 991 1457 Prior
1003 1402 1065 1455 and
1077 1402 1203 1457 Conveni
1215 1403 1251 1471 os
1263 1404 1437 1473 Bullington,
1456 1405 1480 1457 is
1496 1406 1575 1457 insti-

382 1483 459 1537 tuted
466 1484 591 1551 vicanos
601 1482 628 1535 Τ
624 1483 793 1551 errington]

405 1600 1126 1685 [TIRINGTON’.]-Galsridus,cappellanus,
1132 1612 1342 1685 presentatus
1355 1624 1413 1687 per
1426 1606 1572 1667 Priorem

316 1716 350 1771 et
373 1704 605 1789 con[ventum]
628 1705 671 1770 de
695 1705 885 1788 Bolington'
908 1706 950 1770 ad
974 1716 1169 1789 perpetuam
1193 1708 1348 1772 vicariam
1372 1708 1510 1771 ecclesie
1531 1707 1573 1771 de

317 1808 512 1891 Tirington’,
521 1830 580 1891 per
595 1809 780 1873 Dominum
795 1810 1001 1892 Episcopum
1015 1812 1213 1876 auctoritate
1224 1811 1363 1876 Concilii
1375 1812 1573 1888 ordinatam,

315 1912 406 1976 facta
420 1913 511 1995 prius
526 1914 740 1995 inquisitione
755 1934 815 1997 per
830 1916 880 1991 R.,
897 1914 1180 1979 Archidiaconum
1199 1916 1381 1991 Lincolnie,
1394 1936 1573 1998 perquam,

316 2025 387 2093 etc,
402 2015 567 2080 admissus
581 2027 642 2094 est,
657 2027 691 2082 et
710 2018 743 2080 in
763 2038 802 2080 ea
821 2038 898 2081 cum
922 2038 1022 2083 onere
1044 2028 1079 2082 et
1102 2040 1189 2103 pena
1211 2020 1408 2083 vicariorum
1432 2021 1573 2084 vicarius

317 2129 496 2201 perpetuus
519 2120 698 2184 institutus
745 2121 791 2185 Et
810 2122 996 2203 injunctum
1014 2132 1065 2186 est
1080 2122 1171 2186 dicto
1188 2122 1435 2187 Archidiacono
1451 2134 1497 2199 ut,
1512 2134 1572 2187 etc.

319 2223 396 2286 Non
413 2224 574 2287 habemus
590 2224 848 2306 inquisitionem.

316 2407 463 2475 [Wllhm.
475 2407 613 2475 chaplain,
620 2409 769 2476 presented
783 2409 816 2476 by
827 2408 872 2462 tite
886 2409 974 2461 Peior
981 2408 1042 2461 and
1052 2408 1179 2462 Conveni
1186 2410 1222 2477 of
1229 2409 1347 2463 Siedills
1358 2414 1385 2462 to
1396 2426 1448 2463 one
1459 2410 1573 2475 medietp

382 2490 418 2556 of
423 2489 469 2542 the
476 2490 609 2558 vicarage
619 2490 655 2559 os
660 2490 706 2543 the
716 2491 817 2543 chureii
827 2492 863 2559 of
869 2490 946 2544 West
955 2488 1106 2551 chttam,
1116 2490 1178 2543 and
1186 2494 1218 2558 by
1229 2492 1274 2544 tlte
1282 2491 1371 2544 Petbr
1379 2492 1440 2544 and
1451 2492 1576 2544 Convent

382 2571 418 2638 of
428 2571 549 2640 Martby
559 2577 586 2624 to
597 2572 642 2625 tlte
654 2572 737 2636 other,
750 2573 775 2625 is
785 2572 932 2625 instituted
940 2572 1036 2640 ve‘can]

405 2689 534 2772 [WEST
572 2690 983 2773 WIKAM.]-Willelmus,
1013 2692 1237 2774 cappellanus,
1268 2704 1478 2775 presentatus
1516 2714 1573 2775 per

320 2794 465 2857 Priorem
493 2804 526 2857 et
553 2794 785 2877 con[ventum]
811 2790 859 2857 de'
878 2793 998 2858 Sixille
1021 2794 1063 2857 ad
1088 2815 1189 2857 unam
1214 2795 1429 2860 medietatem
1452 2798 1572 2861 vicarie

316 2898 455 2961 ecclesie
471 2897 513 2961 de
525 2898 621 2961 West
632 2898 777 2975 Wikam,
786 2908 819 2961 et
832 2918 891 2980 per
904 2898 1050 2961 Priorem
1063 2909 1097 2963 et
1109 2898 1339 2982 [conventum]
1352 2900 1394 2963 de
1408 2901 1572 2983 Markeby

316 3002 360 3065 ad
378 3002 477 3064 aliam
494 3002 527 3064 in
543 3001 671 3079 eadem,
687 3001 775 3064 sacta
794 3002 883 3084 prius
905 3002 1119 3083 inquisitione
1142 3023 1200 3085 per
1224 3004 1272 3080 R.,
1289 3003 1571 3068 Archidiaconum

320 3105 502 3181 Lincolnie,
519 3126 578 3187 per
593 3125 704 3186 quam,
719 3116 789 3182 etc,
805 3105 971 3169 admissus
987 3115 1046 3182 est,
1062 3118 1095 3169 et
1105 3107 1145 3169 -in
1161 3107 1218 3183 εἰς,
1230 3128 1306 3169 cum
1322 3128 1422 3171 onere
1437 3120 1471 3172 et
1487 3130 1572 3191 pena

318 3210 526 3285 vicariorum,
541 3208 681 3271 vicarius
696 3220 878 3292 perpetuus
894 3210 1073 3273 institutus.
1110 3209 1275 3275 Ordinata
1290 3222 1341 3275 est
1356 3223 1469 3275 autem
1486 3223 1522 3276 ut
1539 3214 1571 3275 in

320 3312 428 3374 rotulo
451 3313 656 3375 vicariatum.
703 3313 748 3376 Et
771 3313 958 3395 injunctum
987 3324 1037 3377 est
1066 3313 1156 3377 dicto
1181 3314 1429 3378 Archidiacono
1451 3326 1496 3392 ut,
1512 3327 1571 3380 etc.

320 3413 429 3478 Aliter
443 3426 494 3479 est
511 3417 543 3478 in
561 3417 815 3498 presentatione.
862 3416 939 3480 Non
956 3416 1118 3480 habemus
1133 3418 1390 3499 inquisitionem.

317 3583 458 3650 [Re'cleard
466 3585 499 3637 de
510 3586 632 3648 Newerc,
644 3586 782 3653 chaplain
789 3585 939 3653 presented
947 3587 980 3655 by
993 3586 1119 3655 Geoffrey
1129 3587 1162 3639 de
1172 3587 1307 3654 Bocland,
1318 3603 1405 3641 canon
1417 3589 1453 3656 of
1458 3589 1503 3641 tlte
1508 3594 1573 3657 pre·

383 3666 470 3718 betula
480 3668 612 3720 amnalis
622 3669 658 3735 of
666 3668 829 3731 Grantitam,
841 3669 867 3719 is
877 3668 1022 3721 instituted
1030 3670 1110 3722 ve'car
1118 3669 1154 3736 of
1159 3668 1205 3721 tte
1214 3685 1296 3722 same.
1335 3670 1362 3721 T
1358 3670 1392 3722 de
1402 3671 1532 3738 vicarage
1548 3671 1572 3722 is

383 3748 541 3816 described]

412 3868 828 3951 [GRAHAM.]—Ricardus
858 3868 901 3931 de
933 3869 1079 3945 Newerc,
1110 3870 1334 3952 cappellanus,
1364 3881 1571 3953 presentatus

320 3992 378 4053 per
415 3972 601 4036 Galfridum
632 3971 675 4036 de
712 3971 880 4048 Boclond',
914 3974 1111 4036 canonicum
1150 3973 1318 4056 prebende
1348 3974 1500 4037 australis
1530 3974 1572 4037 de

271 4124 274 4127 -
318 4074 476 4152 Graham‚
513 4075 556 4139 ad
594 4087 789 4158 perpetuam
827 4074 977 4156 ejusdem
1016 4076 1184 4159 prebende
1214 4077 1379 4154 vicariam,
1408 4098 1571 4141 consensu

321 4178 459 4242 Domini
484 4179 758 4244 Sarresberiensis
780 4191 814 4245 et
837 4180 973 4263 capituli
997 4182 1047 4243 sui
1071 4180 1347 4245 Sarresberiensis
1363 4181 1405 4244 ad
1426 4182 1459 4245 id
1480 4202 1570 4245 acce-

320 4282 428 4362 dente,
444 4284 487 4347 ad
502 4283 643 4347 eandem
660 4284 826 4347 admissus
840 4295 901 4361 est,
913 4294 947 4348 et
962 4285 995 4346 in
1011 4306 1052 4349 ea
1063 4285 1203 4348 vicarius
1219 4296 1398 4367 perpetuus
1414 4296 1464 4349 est
1481 4287 1572 4348 insti·

320 4396 420 4450 tutus.
466 4387 628 4452 Consistit
647 4398 758 4451 autem
781 4388 871 4452 dicta
890 4389 1011 4451 vicaria
1031 4389 1064 4451 in
1081 4387 1261 4452 medietate
1277 4389 1426 4471 alteragii
1443 4398 1512 4452 tam
1530 4389 1572 4452 de

319 4490 467 4554 Graham
483 4511 583 4572 quam
601 4491 644 4554 de
659 4491 904 4574 Gunwardeby,
919 4502 952 4555 et
969 4492 1002 4554 in
1018 4491 1173 4555 omnibus
1190 4493 1404 4574 proventibus
1417 4492 1569 4556 altarium

319 4593 362 4655 de
376 4593 519 4657 Horton'
534 4604 568 4657 et
583 4594 626 4657 de
642 4595 818 4677 Bresteby;
840 4605 875 4658 et
891 4596 997 4658 solvet
1012 4595 1152 4657 vicarius
1168 4594 1258 4657 dicto
1275 4595 1366 4671 G.,et
1376 4595 1570 4658 successori-

319 4698 381 4761 bus
396 4699 463 4759 suis
475 4698 625 4779 ejusdem
642 4698 810 4781 prebende
822 4700 999 4775 canonicis
1011 4709 1146 4762 centum
1159 4698 1283 4761 solidos
1295 4718 1424 4761 annuos
1436 4700 1571 4763 nomine

320 4802 503 4885 pensionis3
533 4813 567 4866 et
590 4803 624 4865 in
646 4801 756 4865 officio
778 4802 975 4867 sacerdotali
999 4803 1216 4886 personaliter
1230 4804 1354 4867 ibidem
1372 4804 1572 4869 ministrabit

317 4905 515 4969 sustinendo
524 4906 637 4969 omnia
647 4926 748 4969 onera
764 4906 965 4988 parochialia
975 4905 1099 4970 dictam
1116 4906 1320 4988 prebendam
1333 4908 1573 4988 contingentia.

320 5009 366 5073 Et
381 5008 577 5073 mandatum
593 5019 644 5073 est
659 5010 750 5073 dicto
766 5009 1013 5073 Archidiacono
1029 5020 1074 5087 ut,
1090 5020 1150 5073 etc.
