3550 5692
326 604 398 677 noo
662 580 797 675 Ratun*
819 581 997 699 Hugonzs
1022 602 1065 675 de
1101 580 1232 673 Welles

323 836 431 903 [Adam
442 837 476 890 de
489 837 604 897 Oronte.
615 836 785 900 mecon,
789 838 939 904 presented
947 838 1036 907 hythe
1047 838 1134 891 Prior
1141 838 1202 891 and
1209 838 1335 892 Convent
1343 834 1574 905 osBrr'dle'ngton.

386 921 411 971 ts
421 919 567 972 instituted
575 926 603 972 to
614 919 659 972 the
669 919 769 973 chnrch
781 920 817 988 of
828 920 961 988 Goxhill]

409 1029 734 1096 GOUSLE.—Adam
765 1030 808 1094 de
839 1031 985 1107 Oxonia,
1015 1031 1247 1108 subdiaconus,
1278 1040 1487 1115 presentatus
1517 1050 1577 1111 per

322 1136 468 1199 Priorem
485 1146 519 1199 et
534 1144 736 1199 conventum
748 1135 791 1198 de
808 1133 1028 1217 Bridlington’
1044 1135 1086 1199 ad
1103 1136 1277 1200 ecclesiam
1289 1135 1332 1199 de
1345 1134 1478 1210 Gousle,
1488 1133 1576 1196 lacta

321 1238 411 1319 prius
428 1239 641 1320 inquisitione
656 1258 715 1320 per
734 1239 783 1314 R,
799 1237 1083 1301 Archidiaconum
1109 1240 1290 1316 Lincolnie,
1306 1257 1491 1321 perquam,
1506 1247 1577 1312 etc,

321 1341 363 1404 ad
387 1343 528 1405 eandem
552 1342 717 1406 admissus
739 1351 800 1419 est,
821 1351 882 1405 etc.
931 1342 976 1405 Et
995 1342 1192 1407 mandatum
1208 1353 1259 1407 est
1274 1343 1383 1407 eidem
1401 1340 1576 1406 Archidia-

321 1464 406 1508 cono
423 1455 467 1521 ut,
483 1454 543 1507 etc.

320 1615 460 1679 [Wlliam
471 1614 505 1667 de
515 1614 659 1675 Lemnton.
671 1615 808 1682 chaplnin,
815 1608 965 1683 presented
977 1616 1011 1679 br
1022 1615 1067 1668 tlte
1083 1616 1171 1669 Prior
1184 1616 1244 1668 and
1255 1614 1380 1669 Convent
1395 1616 1430 1683 os
1435 1612 1573 1680 Shelfora',

385 1698 411 1750 is
427 1696 570 1749 enstituted
584 1698 664 1749 vicar
678 1698 741 1765 osa
759 1697 875 1765 mediety
885 1698 921 1765 os
932 1699 977 1750 the
993 1697 1093 1752 churcle
1110 1698 1146 1765 os
1156 1697 1287 1766 Rauceby.
1332 1697 1388 1750 The
1404 1698 1534 1765 vr'carage
1551 1695 1577 1747 is

385 1777 543 1844 tuanen]

410 1887 845 1953 ROUCEBY.¹—Willelmus
867 1890 910 1955 de
935 1892 1123 1968 Lexinton’,
1142 1891 1343 1973 capellanus
1365 1898 1574 1973 presentatus

322 2013 380 2076 per
403 1993 549 2055 Priorem
572 2001 606 2055 et
629 2003 830 2056 conventum
857 1993 901 2057 de
926 1993 1109 2060 Schellord’
1135 1994 1178 2057 ad
1203 1994 1358 2057 vicariam
1387 1992 1575 2057 medietatis

320 2095 457 2159 ecclesie
468 2094 511 2158 de
528 2095 698 2177 Rouceby,
710 2094 797 2159 facta
813 2097 904 2178 prius
920 2096 1134 2179 inquisitione
1151 2117 1209 2179 per
1225 2096 1274 2173 R.,
1291 2096 1573 2159 Archidiaconum

322 2207 503 2283 Lincolnie,
527 2228 585 2290 per
607 2228 718 2289 quam,
734 2216 803 2284 etc,
819 2206 861 2270 ad
881 2207 1023 2271 eandem
1041 2208 1206 2271 admissus
1222 2218 1281 2285 est,
1297 2219 1368 2285 etc,
1384 2229 1459 2271 cum
1476 2228 1575 2271 onere
1613 2226 1614 2229 ’

320 2321 354 2375 et
370 2312 677 2394 pena‘vicariorum.
724 2312 770 2374 Et
794 2310 990 2375 mandatum
1010 2322 1061 2375 est
1075 2312 1166 2375 dicto
1184 2311 1431 2375 Archidiacono
1454 2322 1499 2389 ut,
1514 2323 1574 2375 etc.

320 2414 490 2490 Consistit,
500 2424 621 2491 autem,
634 2413 723 2476 dicta
736 2416 866 2492 vicaria,
882 2416 915 2477 in
932 2425 1004 2478 toto
1016 2415 1178 2496 altaragio
1193 2415 1281 2479 dicte
1294 2415 1483 2479 medietatis
1499 2436 1574 2479 cum

320 2539 438 2581 manso
465 2520 668 2601 competenti
695 2517 898 2601 assignando
924 2528 958 2582 et
986 2520 1018 2582 in
1050 2532 1137 2583 terra
1162 2520 1350 2602 pertinente
1377 2519 1419 2583 ad
1450 2520 1574 2583 dictam

320 2622 545 2699 medietatem,
557 2622 599 2685 de
611 2643 677 2704 qua
692 2632 779 2686 terra
797 2624 937 2686 vicarius
953 2623 1058 2687 solvet
1075 2624 1247 2687 annuatim
1264 2645 1314 2685 xx
1330 2623 1455 2687 solidos
1472 2624 1575 2685 Priori

319 2737 353 2791 et
376 2728 554 2789 conventui
578 2726 744 2809 predictiS,
763 2737 796 2790 et
817 2728 879 2810 ipsi
900 2728 1051 2790 canonici
1072 2728 1295 2810 procurabunt
1320 2727 1575 2803 Archidiacon0‚

319 2841 353 2895 et
368 2833 482 2894 omnia
497 2852 598 2894 onera
618 2830 683 2893 alia
702 2831 913 2894 sustinebunt
934 2842 1043 2914 preter
1061 2832 1236 2914 synodalia
1251 2831 1496 2908 tantummod0,
1510 2852 1575 2913 que

319 2937 460 2999 vicarius
476 2934 589 2999 solvet.
635 2935 737 2999 Valet
752 2936 873 2999 vicaria
889 2958 910 2999 v
926 2957 1054 2999 marcas
1070 2957 1129 3019 per
1144 2957 1277 2999 annum.

319 3105 438 3173 [Gilbert
446 3105 480 3157 ete
495 3104 612 3165 Yackele,
618 3104 767 3171 presented
778 3104 868 3173 hythe
881 3106 969 3159 Prior
976 3106 1038 3158 and
1048 3106 1174 3159 Convent
1182 3107 1219 3174 of
1224 3106 1292 3174 Eye‚
1303 3106 1329 3157 is
1339 3106 1485 3157 instituted
1493 3110 1520 3157 to
1531 3104 1575 3156 the

384 3187 499 3254 mediety
509 3188 545 3255 os
550 3186 595 3239 the
606 3187 705 3239 cnnrcn
717 3186 753 3254 ef
763 3187 911 3240 Welbourn
922 3187 1013 3240 which
1031 3188 1129 3240 Warin
1140 3188 1173 3240 de
1185 3188 1291 3255 Muncy
1302 3186 1363 3238 had
1372 3186 1455 3255 held]

406 3297 879 3380 WELLEBORN’.—Magister
896 3298 1064 3362 Gilbertus
1080 3299 1122 3362 de
1134 3298 1282 3362 Yackele
1294 3297 1430 3381 [blank],
1441 3319 1574 3381 presen-

319 3410 409 3465 tatus
439 3422 498 3484 per
528 3402 674 3464 Priorem
701 3412 735 3465 et
761 3413 963 3465 conventum
991 3403 1034 3466 de
1065 3403 1140 3484 Eya
1166 3402 1209 3465 ad
1241 3401 1330 3464 illam
1359 3401 1573 3466 medietatem

319 3504 457 3568 ecclesie
479 3505 522 3568 de
545 3505 748 3568 Wellebum'
764 3526 864 3587 quam
891 3505 1053 3587 Magister
1069 3506 1225 3568 Warinus
1244 3505 1286 3568 de
1312 3505 1440 3587 Muncy
1455 3505 1574 3569 ultimo

319 3609 434 3684 tenuit,
462 3607 549 3671 facta
576 3609 667 3690 prius
690 3609 904 3691 inquisitione
928 3629 987 3691 per
1011 3610 1060 3686 R,
1084 3609 1367 3672 Archidiaconum
1393 3610 1574 3686 Lincolnie,

319 3732 378 3793 per
392 3732 503 3793 quam,
514 3721 585 3788 etc,
597 3711 639 3773 ad
656 3713 798 3775 eandem
815 3711 1030 3775 medietatem
1049 3711 1215 3775 admissus
1230 3722 1281 3776 est
1297 3733 1372 3775 cum
1389 3733 1497 3789 onere,
1512 3723 1572 3777 etc.

320 3816 365 3877 Et
382 3813 579 3878 mandatum
595 3825 646 3878 est
660 3814 752 3878 dicto
768 3814 1016 3879 Archidiacono
1032 3825 1077 3893 ut,
1092 3826 1152 3879 etc.

319 3984 454 4053 [Thomas
465 3984 499 4037 de
509 3984 635 4052 Steping,
648 3984 786 4051 chaplnin,
793 3985 943 4051 presented
956 3985 989 4054 by
1005 3985 1054 4047 W„
1066 3985 1244 4039 Archdeacon
1260 3986 1296 4053 of
1302 3985 1400 4053 Derby,
1412 3985 1473 4038 and
1481 3985 1572 4054 Hugh

382 4066 416 4119 de
427 4066 529 4133 Seteby,
536 4069 720 4135 pructorsfor
729 4067 774 4119 the
785 4066 866 4119 Dean
882 4067 944 4119 and
955 4067 1077 4135 Chapter
1090 4068 1126 4135 os
1139 4067 1281 4135 Le'chfield,
1295 4068 1320 4119 is
1337 4067 1483 4120 imitated
1496 4068 1575 4120 vicar

382 4150 418 4216 ef
427 4147 796 4216 Thornten-by-Hemcestle.
834 4149 860 4200 T
856 4149 891 4202 tre
902 4150 1032 4218 vicarage
1045 4151 1070 4202 is
1084 4148 1239 4218 described]

405 4258 880 4323 THORNETON’.¹—Thomas
899 4260 942 4323 de
966 4260 1126 4343 Steping',
1142 4260 1342 4343 capellanus,
1363 4270 1572 4343 presentatus

318 4382 377 4444 per
399 4363 580 4444 Magistros
596 4363 658 4439 W,
675 4362 796 4425 Dereb*
813 4363 1107 4440 Archidiaconum,
1122 4375 1156 4427 et
1179 4364 1361 4446 Hugonem
1377 4363 1420 4427 de
1436 4364 1573 4446 Soteby,

319 4477 548 4548 procuratores
580 4466 709 4528 Decani
739 4475 773 4528 et
800 4466 946 4549 Capituli
979 4466 1158 4530 Licheleld'
1186 4468 1220 4530 in
1247 4467 1320 4544 hoc,
1346 4467 1388 4531 ad
1415 4468 1572 4531 vicariam

317 4568 455 4632 ecclesie
476 4570 519 4633 de
537 4568 742 4632 Thorneton'
766 4590 825 4651 per
846 4570 1021 4633 dominum
1047 4572 1252 4654 Episcopum
1276 4571 1473 4649 ordinatam,
1496 4592 1571 4635 cum

318 4673 431 4735 omnia
458 4682 569 4735 essent
594 4673 628 4734 in
652 4671 824 4754 expedit0,
846 4673 888 4736 ad
914 4674 1071 4737 vicariam
1097 4675 1203 4757 ipsam
1230 4674 1395 4738 admissus
1419 4686 1479 4751 est,
1502 4685 1571 4751 etc,

318 4796 394 4837 cum
418 4796 518 4839 onere
540 4785 575 4839 et
598 4796 685 4857 pena
707 4777 913 4841 vicariorum.
969 4779 1015 4841 Et
1047 4778 1243 4842 mandatum
1267 4789 1317 4843 est
1340 4779 1431 4842 dicto
1454 4779 1571 4843 Archi-

318 4877 460 4941 diacono
483 4889 528 4956 ut,
551 4888 612 4942 etc.
659 4880 828 4959 Consistit,
849 4891 971 4959 autem,
991 4884 1063 4965 ipsa
1085 4884 1207 4946 vicaria
1231 4884 1264 4945 in
1291 4883 1446 4946 omnibus
1474 4883 1570 4966 perti-

605 5062 612 5089 ¹
625 5058 687 5110 The
700 5060 769 5111 later
781 5061 855 5113 haud
867 5062 917 5114 has
929 5062 1022 5114 added
1036 5063 1156 5115 “dotatio
1167 5061 1290 5115 vicarie”.
