3550 5692
597 596 775 696 Episcopi
789 593 1090 674 ¹Lincolniensis.¹
1419 617 1462 692 19

208 841 410 925 capellanus,
426 847 637 924 presentatus
656 859 715 922 per
732 840 869 902 eosdem
891 837 934 901 ad
956 839 1129 901 ecclesiam
1151 837 1194 902 de
1219 838 1461 920 Kerdingtone‚

207 947 296 1010 lacta
311 946 418 1029 prius,
433 954 503 1022 etc,
519 955 556 1008 ut
579 964 687 1027 supra,
710 943 753 1006 ad
776 943 920 1008 eandem
943 944 1109 1006 admissus
1132 953 1191 1020 est,
1206 953 1278 1020 etc,
1294 952 1330 1006 ut
1353 963 1460 1026 supra

208 1049 369 1116 Consistit
393 1058 506 1112 autem
531 1048 603 1130 ipsa
626 1047 748 1125 vicaria
771 1047 804 1110 in
828 1056 901 1110 toto
923 1046 1085 1129 altaragio
1110 1053 1145 1110 et
1171 1046 1308 1110 decimis
1336 1046 1461 1123 molenf

206 1153 362 1242 dinorum
386 1161 419 1216 et
445 1152 478 1214 in
506 1150 661 1214 omnibus
687 1149 826 1214 decimis
854 1150 991 1213 minutis
1017 1159 1127 1234 preter
1152 1149 1264 1213 lanam
1288 1159 1322 1213 et
1344 1169 1462 1232 agnos,

208 1256 307 1321 salvis
342 1255 499 1340 predictis
536 1253 640 1317 Priori
674 1263 708 1317 et
743 1253 923 1318 conventui
957 1253 994 1316 xl
1029 1252 1143 1317 solidis
1176 1252 1219 1317 de
1248 1252 1375 1330 eadem,
1405 1244 1462 1334 qui

207 1339 342 1442 quidem
368 1358 482 1422 omnia
506 1376 615 1434 onera,
634 1365 705 1434 etc,
727 1367 764 1420 ut
790 1377 898 1440 supra.
945 1357 991 1419 Et
1015 1356 1117 1421 habet
1142 1357 1283 1435 vicarius
1307 1375 1462 1420 mansum

208 1471 454 1546 competentem
485 1461 605 1525 vicarie
635 1461 852 1542 assignatum,
881 1469 916 1524 et
946 1459 1035 1524 valet
1064 1461 1186 1524 vicaria
1215 1469 1292 1524 octo
1327 1479 1464 1537 marcas,

207 1567 319 1633 totalis
346 1566 486 1632 ecclesia
511 1563 643 1646 xxiiiju
690 1565 768 1628 Non
793 1574 845 1628 est
866 1564 912 1628 ibi
937 1574 1024 1628 terra
1048 1564 1159 1630 libera.
1205 1565 1251 1628 Et
1275 1564 1462 1647 injunctum

207 1680 259 1736 est
275 1671 312 1734 ut
325 1691 436 1754 supra

208 1840 354 1910 [Nicleolas
375 1840 408 1894 de
432 1839 570 1904 Wletone,
591 1839 728 1907 cdnplain,
744 1837 894 1906 presented
909 1838 942 1906 by
958 1837 1003 1891 tie
1024 1854 1107 1903 same,
1126 1839 1152 1891 is
1173 1837 1318 1891 imdtuted
1335 1837 1416 1890 vicar
1435 1837 1471 1906 of

277 1923 452 1991 thington.
490 1923 547 1975 The
557 1923 688 1990 wearage
699 1922 724 1974 ts
734 1920 892 1988 described]

296 2025 509 2089 Wuauouu
543 2023 945 2090 V1cAR1A.-Nicholaus
978 2024 1021 2088 de
1059 2024 1237 2102 Wiletone,
1266 2023 1466 2107 capellanus,

210 2138 419 2212 presentatus
436 2150 495 2212 per
511 2129 649 2193 eosdem
670 2129 714 2192 ad
733 2129 891 2192 vicariam
913 2129 956 2192 de
978 2129 1156 2206 Wiletone,
1172 2129 1261 2192 facta
1281 2129 1381 2211 prius,
1396 2137 1466 2205 etc,

209 2241 246 2296 ut
263 2253 371 2315 supra,
387 2231 553 2296 admissus
569 2243 628 2308 est,
644 2243 714 2310 etc,
730 2242 767 2296 ut
786 2253 894 2316 supra.
941 2231 1103 2296 Consistit
1123 2241 1236 2296 autern
1259 2233 1331 2315 ipsa
1346 2232 1467 2296 vicaria

208 2337 243 2410 ln
260 2345 333 2400 toto
348 2337 511 2419 altaragio
529 2346 563 2400 et
584 2337 741 2400 omnibus
761 2338 899 2400 minutis
914 2335 1062 2414 decimiS,
1078 2345 1112 2401 et
1135 2338 1168 2399 in
1184 2336 1323 2401 decimis
1342 2335 1467 2398 molen-

209 2439 365 2515 dinorum
389 2450 424 2504 et
452 2460 570 2503 manso
595 2449 808 2523 competente
835 2440 881 2503 illi
908 2441 1079 2522 assignato
1108 2461 1185 2503 cum
1216 2440 1350 2503 crofta¹
1376 2438 1466 2502 Dicti

211 2563 289 2606 vero
313 2544 406 2606 Prior
427 2552 462 2606 et
493 2553 678 2608 conventus
711 2545 824 2608 omnia
854 2564 965 2620 onera,
989 2552 1060 2620 etc,
1084 2552 1121 2606 ut
1151 2564 1258 2627 supra
1305 2542 1350 2605 Et
1380 2542 1469 2606 valet

210 2647 332 2710 vicaria
354 2669 376 2710 v
399 2667 537 2724 marcas,
553 2646 666 2711 totalis
690 2649 792 2712 etiam
816 2646 957 2712 ecclesia
980 2668 1004 2709 x
1029 2667 1165 2711 marcas.
1212 2646 1258 2712 Et
1281 2643 1468 2728 injunctum

210 2758 262 2814 est
277 2758 315 2814 ut
330 2769 439 2832 supra.

210 2935 350 3005 [Geoffrey
370 2935 405 2989 de
426 2936 563 2997 Ranhale,
581 2936 719 3004 ckaplain,
738 2937 886 3004 presented
905 2937 938 3006 by
959 2937 1005 2990 tlte
1026 2953 1109 3002 same,
1133 2937 1159 2990 is
1179 2935 1326 2990 imtituted
1343 2936 1424 2990 vicar
1441 2934 1476 3003 of

275 3017 409 3071 Renteold.
447 3018 505 3071 The
515 3018 853 3087 vicaragezsdescdbed.]

300 3120 492 3183 RANHALE
516 3120 912 3186 VICARIA.—Galfridus
927 3121 970 3186 de
994 3120 1155 3198 Ranhale,
1177 3119 1378 3203 capellanus,
1399 3138 1472 3198 pre-

212 3232 364 3290 sentatus
389 3244 447 3306 per
470 3224 606 3288 eosdem
630 3225 673 3288 ad
697 3225 854 3289 vicariam
878 3226 922 3288 de
946 3225 1108 3301 Ranhale,
1124 3224 1212 3288 sacta
1234 3224 1334 3306 prius,
1349 3232 1420 3300 etc,
1436 3231 1473 3285 ut

213 3315 323 3410 supra,
350 3327 393 3390 ad
418 3328 560 3392 eandem
584 3327 751 3392 admissus
774 3339 834 3406 est,
856 3338 928 3406 etc,
951 3338 988 3392 ut
1018 3350 1125 3412 supra.
1171 3327 1333 3392 Consistit
1359 3335 1472 3390 autem

214 3434 287 3515 ipsa
302 3431 426 3496 vicaria
442 3433 476 3496 in
493 3442 565 3496 toto
581 3433 744 3516 altaragio
764 3441 797 3496 et
820 3434 852 3496 in
872 3433 1029 3496 omnibus
1053 3433 1190 3496 minutis
1205 3432 1344 3496 decimis
1365 3439 1474 3514 preter

214 3557 338 3619 agnos
355 3556 432 3599 cum
462 3556 580 3600 manso
604 3545 825 3620 competente.
873 3537 965 3600 Dicti
991 3558 1070 3601 vero
1101 3537 1194 3600 Prior
1222 3545 1257 3599 et
1286 3544 1473 3599 conventus

211 3641 325 3704 omnia
349 3660 460 3718 onera,
484 3649 554 3717 etc,
579 3650 616 3705 ut
647 3662 754 3724 supra.
807 3641 851 3705 Et
880 3642 969 3706 valet
993 3641 1117 3705 vicaria
1147 3663 1168 3704 v
1196 3659 1334 3716 marcaS,
1358 3637 1472 3703 totalis

213 3744 354 3808 ecclesia
370 3766 402 3807 x.
449 3743 495 3808 Et
512 3742 700 3825 injunctum
716 3753 777 3821 est,
793 3754 864 3822 etc,
881 3755 918 3809 ut
934 3766 1041 3828 supra

214 4009 339 4078 [Walter
352 4011 388 4065 de
409 4011 561 4081 Salesorde‚
584 4013 722 4082 chaplain,
740 4014 891 4082 presented
908 4013 942 4084 by
963 4013 1008 4068 tlte
1028 4027 1111 4078 sonu,
1131 4014 1157 4066 is
1178 4013 1325 4067 instituted
1342 4013 1423 4068 vim
1439 3992 1478 4082 ¹os

278 4094 411 4163 Salford.'
439 4094 496 4148 The
507 4096 639 4164 uicarage
650 4097 675 4149 is
685 4095 842 4165 described]

302 4205 504 4270 SALFORDE
527 4206 914 4272 VICARIA.-Walterus
936 4207 980 4271 de
1003 4205 1165 4284 Salforde,
1184 4204 1384 4289 capellanus,
1399 4226 1472 4289 pre-

213 4319 364 4375 sentatus
386 4331 444 4393 per
462 4311 598 4375 eosdem
618 4310 660 4375 ad
684 4312 841 4376 vicariam
864 4312 908 4376 de
929 4310 1110 4388 Saleforde,
1129 4310 1217 4374 facta
1235 4311 1334 4394 prius,
1349 4320 1420 4388 etc,
1435 4319 1472 4375 ut

214 4435 322 4498 supra,
338 4413 505 4477 admissus
520 4424 579 4490 est,
595 4424 632 4478 ut
648 4435 755 4499 supra.
802 4415 965 4481 Consistit
985 4424 1098 4478 autem
1119 4415 1191 4496 ipsa
1206 4414 1328 4478 vicaria
1346 4414 1379 4477 in
1399 4423 1472 4477 toto

214 4517 376 4600 altaragio
392 4527 426 4580 et
442 4518 475 4580 in
492 4537 558 4581 una
573 4518 702 4600 virgata
717 4528 803 4582 terre
819 4518 921 4584 libere
936 4529 971 4584 et
987 4520 1020 4581 in
1036 4517 1192 4581 omnibus
1201 4516 1340 4581 decimis
1355 4517 1422 4580 feni
1437 4526 1472 4581 et

214 4620 286 4684 aliis
302 4621 427 4685 dictam
448 4620 623 4684 ecclesiam
642 4622 914 4705 contingentibus
931 4631 1040 4705 preter
1054 4621 1183 4704 garbas,
1198 4631 1233 4684 et
1248 4640 1366 4684 manso
1381 4640 1472 4683 corn-

214 4731 350 4806 pbtente
370 4726 518 4806 proquo
542 4724 684 4788 vicarius
708 4725 825 4789 reddet
845 4747 866 4789 v
885 4726 1010 4789 solidos
1035 4725 1212 4801 canonicis
1226 4723 1305 4806 quia
1329 4743 1396 4786 non
1421 4731 1472 4813 est

211 4827 426 4904 deecclesia,
448 4828 505 4910 qui
530 4827 666 4910 quidem
687 4829 839 4893 canonici
859 4830 973 4892 omnia
992 4849 1103 4906 onera,
1118 4836 1189 4906 etc,
1208 4836 1246 4891 ut
1268 4847 1376 4910 supra
1426 4824 1472 4890 Et

213 4930 303 5000 valet
318 4929 441 4995 vicaria
454 4929 593 5010 (blank)
608 4951 746 5009 marcas,
761 4933 875 4999 totalis
890 4932 1031 5001 ecclesia
1052 4953 1077 4998 x
1098 4951 1234 4998 marcas.
1281 4930 1326 4993 Et
1345 4929 1472 5011 injunc-

215 5043 364 5125 tumeat,
381 5043 454 5113 etc„
468 5043 505 5099 ut
521 5055 628 5120 supra.
667 5041 670 5045 “

1364 5155 1409 5200 ca
