3550 5692
341 533 388 602 34
679 511 815 584 Rotule'
838 511 1016 608 Hugonis
1040 511 1084 584 de
1118 511 1252 584 Welles

340 749 430 830 prius
446 749 658 830 inquisitione
674 769 733 830 per
749 749 949 830 Magistrum
966 750 1018 813 W.
1034 750 1077 813 de
1093 750 1256 833 Walepol,
1270 762 1341 826 etc,
1363 751 1528 815 admissus
1542 763 1592 815 est

339 862 373 915 et
396 872 537 934 persona
560 853 730 914 institutus
752 872 828 914 cum
852 873 952 916 onere
971 852 1177 916 deserviendi
1204 854 1236 915 in
1262 854 1387 917 eadem.
1435 855 1480 918 Et
1500 876 1591 918 man-

339 954 456 1017 datum
473 965 532 1030 est,
544 965 603 1018 etc.
650 955 705 1037 [ln
716 955 768 1017 tlte
778 955 908 1038 margin
920 955 989 1038 .·-]
1006 956 1197 1037 Exigantur
1209 957 1317 1021 littere
1328 959 1590 1039 presentationis.

751 1244 892 1308 Annus
917 1244 1178 1309 Duooacuuus

339 1377 484 1445 [Andreru
498 1377 577 1438 clere,
585 1377 774 1446 presentedby
790 1376 914 1428 William
926 1377 1030 1439 Basset,
1043 1379 1069 1429 is
1079 1377 1226 1432 instituted
1234 1383 1262 1430 to
1273 1378 1320 1432 the
1336 1378 1437 1431 chureh
1453 1379 1490 1447 of
1500 1378 1591 1431 Rusb-

357 1497 359 1501 -
403 1461 475 1529 den]

426 1551 878 1628 RUSSENDEN.—Andreas,
905 1552 1050 1629 clericus,
1073 1560 1282 1636 presentatus
1303 1574 1364 1636 per
1385 1553 1590 1617 Willelmum

316 1657 456 1720 'Basset
487 1657 529 1720 ad
560 1655 733 1719 ecclesiam
760 1655 803 1718 de
830 1656 1038 1732 Russenden‚
1062 1655 1150 1718 facta
1174 1657 1264 1738 prius
1295 1657 1507 1738 inquisitione
1533 1679 1591 1740 per

339 1761 539 1843 Magistrum
551 1761 611 1836 W.‚
622 1758 808 1824 Officialem
822 1759 1058 1822 Archidiaconi
1072 1755 1336 1841 Huntingdonie,
1347 1770 1418 1836 ete,
1427 1760 1590 1822 admissus

337 1874 444 1928 estet
467 1865 500 1926 in
524 1884 563 1926 ea
586 1863 744 1925 canonice
767 1883 909 1945 persona
933 1864 1112 1938 institutus,
1128 1882 1204 1924 cum
1227 1883 1327 1926 onere
1351 1862 1393 1926 ad
1419 1864 1589 1946 proximos

337 1967 469 2030 ordines
498 1964 651 2029 veniendi
678 1976 715 2028 ut
745 1967 778 2027 in
803 1965 1044 2028 subdiaconum
1069 1963 1247 2040 ordinetur,
1271 1965 1362 2028 salvo
1384 1966 1458 2046 jure
1482 1966 1589 2047 cujus-

337 2071 418 2134 libet
433 2091 531 2152 super
547 2068 698 2152 cappella
713 2067 755 2132 de
773 2067 938 2132 Bradseld.
984 2069 1030 2131 Et
1046 2068 1242 2131 mandatum
1262 2078 1313 2131 est
1331 2067 1422 2131 dicto
1438 2068 1590 2156 Officiali‚

262 2181 265 2187 '
337 2185 396 2237 etc.
443 2173 498 2256 [In
514 2173 566 2235 tlte
583 2171 789 2254 marge'n:-]
808 2171 903 2236 Idem
921 2171 1075 2234 Andreas
1090 2171 1189 2234 saciet
1208 2169 1304 2233 nobis
1323 2172 1445 2235 habere
1464 2173 1589 2236 litteras

337 2277 599 2360 presentationis.

904 2351 1035 2364 ἡ

334 2472 475 2537 [Williem
492 2471 526 2524 de
543 2471 654 2538 Bergk,
672 2470 751 2532 clerte,
766 2470 916 2536 presented
932 2469 965 2537 ly
980 2469 1026 2520 tlte
1042 2469 1132 2522 Attor
1147 2469 1208 2521 and
1231 2468 1357 2521 Convent
1372 2471 1408 2536 os
1419 2469 1544 2536 Ramsey‚
1565 2471 1590 2522 is

400 2551 545 2606 instituted
553 2559 580 2605 to
591 2553 636 2606 tlte
646 2553 746 2604 churclt
763 2554 798 2619 of
804 2552 844 2605 St.
857 2551 989 2614 Antium,
1002 2551 1202 2618 Huntt'ngdon.
1228 2549 1257 2602 A
1263 2551 1383 2617 pensien
1390 2552 1415 2602 is
1425 2551 1555 2604 reserved
1562 2555 1589 2605 te

400 2636 445 2688 tlte
456 2635 597 2688 semaiae
610 2636 645 2701 of
652 2633 791 2701 Ramsey.]

424 2739 565 2802 Snucm
602 2737 776 2812 Annaea,
813 2731 1351 2798 Hominemne-willelmus
1387 2732 1430 2796 de
1468 2733 1589 2814 Burgo,

335 2842 479 2917 clericus
512 2850 720 2922 presentatus
752 2860 810 2922 per
841 2838 1010 2901 Abbatem
1040 2848 1074 2901 et
1107 2847 1308 2900 conventum
1340 2837 1515 2899 Rameseie
1546 2835 1587 2899 ad

334 2943 506 3008 ecclesiam
531 2945 635 3006 sancti
660 2943 796 3005 Andree
819 2944 851 3003 in
871 2939 1138 3022 Huntingdonia,
1158 2939 1245 3002 facta
1264 2941 1354 3022 prius
1377 2941 1588 3021 inquisitione

333 3069 392 3129 per
405 3047 454 3123 R„
467 3046 750 3109 Archidiaconum
769 3044 1034 3126 Huntingdonie,
1049 3054 1119 3119 etc,
1130 3041 1295 3105 admissus
1306 3052 1357 3105 est
1372 3052 1406 3106 et
1421 3044 1454 3105 in
1470 3042 1587 3105 eadem

333 3151 519 3228 institutus3
535 3149 626 3212 salva
646 3149 792 3212 sacristie
813 3149 855 3211 de
878 3147 1055 3210 Rameseia
1075 3146 1188 3208 debita
1207 3157 1240 3209 et
1260 3147 1397 3227 antiqua
1412 3147 1587 3227 pensione;

333 3271 409 3314 cum
429 3273 529 3314 onere
550 3251 755 3315 deserviendi
776 3251 993 3334 personaliter
1008 3252 1041 3312 in
1062 3270 1102 3313 ea
1122 3250 1155 3311 in
1176 3249 1284 3311 officio
1300 3249 1494 3325 sacerdotali
1511 3269 1586 3311 cum

333 3355 470 3417 domino
485 3355 653 3437 Episcopo
664 3355 823 3436 placuerit
835 3365 868 3418 et
880 3373 957 3416 cum
970 3373 1057 3436 pena
1066 3352 1191 3415 inflicta
1201 3353 1264 3415 hiis
1277 3353 1332 3433 qui
1345 3351 1466 3414 suerint
1475 3353 1587 3414 incon-

332 3460 473 3521 tinentia
496 3460 610 3520 notati.
659 3458 812 3538 injunxit
833 3467 945 3520 autem
965 3456 1121 3518 dominus
1138 3455 1325 3538 Episcopus
1341 3456 1401 3537 ipsi
1419 3453 1587 3517 Willelmo

333 3572 369 3623 ut
382 3561 423 3624 ad
437 3562 557 3624 festum
572 3543 871 3626 SanctiMichaelis
882 3560 1073 3642 proximum
1086 3568 1120 3621 et
1136 3560 1269 3620 inantea
1280 3557 1387 3619 scolas
1402 3557 1588 3638 frequentet

332 3664 439 3727 donec
462 3664 505 3726 ad
528 3664 660 3726 ordines
681 3674 825 3740 vocetur,
841 3673 877 3725 ut
902 3662 1084 3725 secundum
1109 3660 1198 3743 quod
1223 3661 1379 3725 dominus
1401 3661 1587 3742 Episcopus

332 3769 442 3850 ipsum
469 3768 588 3830 viderit
613 3767 771 3849 proficere
796 3768 829 3828 in
856 3767 954 3828 scolis
978 3777 1048 3829 tam
1076 3786 1173 3847 super
1199 3764 1353 3827 ordinum
1378 3765 1587 3846 susceptione

331 3890 433 3950 quam
450 3891 549 3952 super
564 3870 742 3934 residentia
757 3871 792 3933 in
807 3870 946 3933 ecclesia
961 3891 1021 3932 sua
1040 3868 1191 3933 facienda
1205 3869 1235 3932 ei
1251 3868 1401 3932 inducias
1417 3867 1586 3930 concedat.

334 3972 379 4036 Et
402 3973 598 4036 mandatum
622 3984 673 4036 est
696 3972 786 4035 dicto
809 3972 1056 4036 Archidiacono
1079 3971 1170 4052 quod
1200 3971 1292 4032 illum
1318 3971 1351 4034 in
1381 3971 1585 4053 corporalem

330 4077 434 4158 ipsius
451 4077 588 4140 ecclesie
604 4077 846 4158 possessionem
868 4075 1004 4138 inducat
1017 4075 1117 4156 juxta
1128 4075 1273 4162 'formam
1289 4075 1494 4156 premissam,
1509 4085 1542 4137 et
1558 4075 1585 4136 si

331 4178 447 4255 scolas,
463 4190 499 4242 ut
515 4179 642 4242 dictum
659 4189 719 4256 est,
731 4197 798 4242 non
813 4178 1079 4259 frequentaverit,
1089 4177 1140 4240 vel
1157 4178 1184 4239 si
1201 4178 1440 4242 incontinentia
1451 4188 1585 4243 notatus

331 4281 438 4358 fuerit,
463 4281 639 4366 diligenter
669 4282 822 4364 inquirat,
844 4292 878 4346 et
909 4281 989 4344 illud
1020 4301 1080 4363 pro
1107 4281 1180 4344 loco
1211 4291 1245 4344 et
1272 4291 1422 4363 tempore
1448 4280 1585 4344 domino

331 4385 500 4468 Episcopo
517 4387 599 4448 scire
615 4385 721 4452 faciat

330 4553 468 4620 [Thomas
484 4555 517 4606 de
538 4554 695 4616 thdeser',
709 4553 788 4612 clere,
800 4553 949 4620 presented
963 4553 996 4621 by
1004 4553 1084 4618 John
1101 4552 1135 4604 de
1153 4553 1277 4620 Sanum,
1294 4555 1320 4604 is
1337 4553 1482 4605 instetuted
1497 4557 1524 4605 te
1538 4553 1585 4604 tlte

348 4692 350 4696 ,
395 4637 495 4690 churclt
506 4637 541 4704 os
547 4636 686 4704 Bggruve,
696 4641 799 4688 vacant
808 4635 840 4703 by
851 4636 897 4688 tlte
906 4636 1078 4702 resignatten
1089 4637 1125 4702 os
1131 4636 1176 4687 tlte
1185 4635 1333 4700 saidJelm
1343 4635 1378 4688 de
1389 4635 1525 4703 Sumeey]

418 4737 806 4818 Erremus-Magister
829 4737 978 4799 Thomas
1001 4736 1043 4800 de
1067 4736 1262 4813 Windesor'‚
1284 4737 1430 4812 clericus,
1452 4755 1583 4818 presen-

328 4848 419 4902 tatus
436 4861 494 4922 per
509 4841 697 4922 Johannem
714 4839 916 4932 dq-Sumery
933 4839 975 4902 ad
991 4840 1164 4903 ecclesiam
1184 4840 1227 4904 de
1242 4841 1395 4922 Bigrava,
1410 4849 1582 4904 vacantem

266 5035 270 5040 Ι
327 4943 475 5025 eoquod
499 4943 587 5006 idem
604 4943 783 5024 Johannes‚
804 4944 860 5024 qui
877 4944 1033 5025 proximo
1051 4965 1126 5024 earn
1147 4945 1263 5020 tenuit,
1278 4943 1448 5025 cingulum
1465 4943 1584 5006 milicie
