3550 5692
601 573 780 668 Episcopi
801 573 1085 646 Lz'ncolnienselr.
1421 598 1469 668 39

217 805 402 871 Officialem
426 807 662 872 Archidiaconi
688 810 954 892 Huntingdonie,
971 821 1042 886 etc„
1064 810 1229 874 admissus
1251 821 1303 874 est
1324 821 1359 874 et
1376 812 1411 873 in
1428 832 1469 874 ea

215 911 374 973 canonice
398 931 539 992 persona
563 914 733 976 institutus
761 934 837 976 cum
860 934 963 977 onere
985 913 1171 990 residentia
1192 923 1228 976 et
1252 913 1362 976 eidem
1391 935 1470 996 cap

217 1011 303 1093 pelle
317 1013 351 1076 in
370 1013 480 1076 officio
500 1015 696 1080 sacerdotali
715 1017 932 1098 personaliter
947 1016 1162 1082 deserviendi.
1209 1017 1255 1080 Et
1273 1016 1469 1080 mandatum

216 1126 267 1178 est
282 1115 372 1180 dicto
388 1117 541 1197 Officiali,
556 1130 616 1184 etc.

217 1303 308 1370 [Alan
319 1304 352 1356 de
364 1305 531 1375 Kee‘lestorp’‚
544 1309 681 1376 chaplar'n,
694 1311 719 1360 is
732 1309 849 1362 collated
863 1315 891 1361 te
907 1310 954 1362 the
973 1310 1072 1363 churclr
1085 1311 1121 1376 os
1133 1310 1242 1362 Str'lton.
1275 1309 1303 1361 Α
1310 1309 1430 1375 pensiore
1446 1308 1471 1360 is

263 1385 267 1392 '
281 1388 440 1440 reseroedto
450 1390 496 1441 tlte
507 1390 587 1444 Dean
599 1390 659 1444 arrd
669 1391 791 1460 Chapter
799 1392 835 1458 of
841 1391 959 1444 Lincoln
972 1392 1180 1461 Cathedralsor
1187 1393 1233 1444 tlte
1242 1393 1430 1444 maentenance
1441 1390 1477 1456 of

282 1469 427 1537 incitata]

305 1571 689 1656 STILTON.-Magister
713 1576 843 1638 Alanus
867 1575 911 1638 de
941 1576 1148 1658 Keilestorp'‚
1172 1575 1395 1658 cappellanus
1419 1575 1471 1636 cui

216 1673 372 1738 dominus
389 1676 575 1760 Episcopus
590 1679 763 1744 ecclesiam
779 1679 822 1742 de
838 1679 963 1745 Stilton
979 1680 1130 1755 contulit,
1145 1679 1187 1741 ad
1207 1679 1349 1742 eandem
1368 1678 1471 1740 eccle·

216 1778 299 1840 siam
316 1779 480 1842 admissus
496 1791 546 1846 est
561 1792 595 1844 et
612 1801 752 1863 persona
768 1783 949 1858 institutus,
960 1803 1035 1847 cum
1051 1803 1151 1846 onere
1164 1782 1348 1857 residentia
1360 1791 1394 1844 et
1409 1781 1472 1843 sub

216 1901 303 1962 pena
335 1883 617 1948 incontinentibus
648 1884 772 1948 inflicta
779 1908 787 1964 ;
817 1887 916 1950 salvis
945 1885 990 1949 de
1018 1886 1136 1951 eadem
1167 1886 1306 1951 ecclesia
1335 1895 1469 1948 centum

217 1984 331 2048 solidis
346 1987 464 2050 annuis
480 1989 514 2050 in
533 2000 750 2070 augmentum
770 2001 930 2072 perpetue
948 1990 1198 2055 sustentationis
1219 1989 1411 2053 clericomm
1427 1988 1470 2052 de

216 2088 317 2150 choro
348 2089 581 2167 Lincolniensi‚
606 2113 664 2174 per
693 2113 777 2174 quos
808 2093 993 2158 celebratur
1022 2093 1168 2159 officium
1194 2092 1398 2159 cotidianum
1429 2091 1472 2156 de

189 2249 192 2256 .
217 2191 361 2272 gloriosa
372 2194 511 2275 Virgine
527 2195 560 2255 in
576 2196 715 2260 ecclesia
728 2197 963 2274 Lincolniensi‚
974 2198 1007 2259 in
1024 2197 1097 2264 loco
1107 2196 1149 2262 ad
1165 2196 1228 2260 hoc
1240 2196 1307 2278 dep
1349 2187 1353 2196 ’
1367 2205 1402 2257 to
1415 2215 1474 2278 per

219 2315 355 2358 manum
371 2296 473 2378 ipsius
491 2300 531 2358 A.
548 2307 581 2362 et
596 2316 822 2362 successorum
838 2320 973 2362 suorum
990 2300 1092 2381 ipsius
1102 2299 1289 2382 ecclesiepe
1346 2317 1472 2371 narum,

218 2398 443 2480 persolvendis
463 2401 631 2482 preposito
651 2402 754 2484 ipsius
774 2423 793 2464 a
814 2403 952 2466 Decano
967 2412 1001 2467 et
1021 2402 1166 2484 capitulo
1184 2400 1471 2465 Lincolniensibus

219 2502 407 2565 constituto,
454 2503 499 2566 Et
515 2504 710 2568 mandatum
727 2515 777 2568 est
794 2506 1041 2570 Archidiacono
1059 2503 1323 2588 Huntingdonie‚
1338 2514 1399 2566 etc.

218 2767 374 2834 [Mottleeun
392 2785 442 2822 son
458 2772 494 2839 of
509 2772 647 2836 Waleran‚
661 2773 739 2836 clerk,
748 2775 898 2841 presented
913 2774 1031 2845 tylem
1047 2775 1091 2828 La
1109 2774 1228 2836 Blande,
1242 2774 1266 2828 is
1283 2773 1430 2826 instituted
1446 2777 1473 2824 to

283 2850 328 2984 tsse
345 2852 446 2986 perereio
468 2855 504 2920 os
514 2854 641 2918 Slzenler.
680 2856 706 2906 T
702 2857 737 2908 tre
754 2857 892 2926 vicarage,
911 2856 1056 2920 described,
1073 2858 1099 2909 is
1119 2856 1250 2909 resetved
1264 2860 1291 2910 to
1307 2855 1407 2924 Hugh,
1428 2855 1473 2907 tlte

283 2948 298 2985 c
316 2937 353 3001 ap
364 2935 433 3004 ain]

306 3037 679 3115 SENLEv.-Matheus,
698 3037 783 3101 filius
803 3039 1004 3116 Waleranni,
1022 3040 1167 3116 clericus,
1186 3048 1394 3121 presentatus
1414 3058 1473 3120 per

218 3139 389 3203 dominam
418 3142 607 3223 Johannam
637 3143 687 3206 La
712 3141 842 3206 Blunde
872 3141 915 3204 ad
945 3141 1118 3206 ecclesiam
1149 3142 1192 3206 de
1222 3141 1354 3224 Senley,
1385 3140 1472 3202 iacta

219 3245 308 3326 prius
331 3246 543 3326 inquisitione
567 3267 625 3328 per
649 3247 697 3322 R„
722 3245 1004 3309 Archidiaconum
1032 3244 1296 3328 Huntingdonie,
1320 3254 1390 3319 eto,
1414 3242 1472 3306 ad-

218 3348 337 3408 missus
362 3358 412 3410 est
436 3358 470 3411 et
494 3350 652 3412 canonice
677 3369 817 3430 persona
847 3349 880 3411 in
911 3369 951 3411 ea
982 3349 1166 3425 institutus3
1194 3347 1285 3410 salva
1311 3356 1472 3429 perpetua

218 3451 339 3513 vicaria
359 3451 515 3534 Hugonis
537 3451 709 3534 capellani,
727 3472 792 3533 que
815 3452 965 3514 consistit
988 3453 1021 3514 in
1044 3461 1117 3514 toto
1138 3451 1298 3532 altaragio
1320 3449 1471 3530 ejusdem

219 3552 355 3618 ecclesie
373 3565 407 3617 et
430 3557 463 3617 in
479 3555 616 3618 decimis
632 3554 674 3617 de
697 3553 864 3617 dominico
889 3553 1012 3637 Rogeri
1036 3553 1092 3617 filii
1117 3555 1284 3636 Symonis‚
1306 3563 1340 3616 et
1366 3553 1472 3615 homi-

219 3678 298 3719 num
323 3679 466 3735 suorum,
482 3660 515 3722 in
531 3657 726 3735 Titeberste‚
742 3667 776 3722 et
798 3655 832 3720 in
855 3657 993 3720 decimis
1015 3658 1141 3740 capelle
1163 3657 1206 3722 de
1231 3655 1365 3731 Colnea,
1380 3665 1414 3718 et
1438 3655 1471 3714 in

218 3761 348 3825 redditu
380 3763 427 3843 xij
459 3762 669 3825 denariorum
700 3781 775 3824 cum
806 3760 899 3836 tosto
948 3760 1137 3844 Injunctum
1168 3771 1219 3825 est
1251 3761 1351 3823 etiam
1382 3758 1473 3821 dicto

220 3865 358 3928 Matheo
388 3866 451 3928 sub
481 3865 595 3929 debito
630 3865 809 3946 juramenti
839 3862 977 3927 domino
1009 3865 1178 3948 Episcopo
1215 3863 1342 3946 prestiti
1380 3859 1470 3943 quod

218 3968 325 4030 scolas
340 3977 494 4032 exerceat
513 3978 547 4031 et
566 3967 725 4032 addiscat.
772 3967 817 4030 Et
834 3966 1030 4031 mandatum
1049 3978 1101 4031 est
1119 3967 1209 4030 dicto
1226 3964 1471 4029 Archidiacono

218 4070 307 4151 quod
324 4072 433 4153 ipsum
452 4071 506 4147 M„
522 4072 554 4134 in
577 4071 765 4154 coporalem
789 4070 937 4154 predicte
958 4071 1095 4134 ecclesie
1117 4070 1359 4154 possessionem
1372 4068 1473 4148 juxta

132 4163 135 4168 ¹
216 4174 358 4237 sormam
389 4175 585 4256 premissam
615 4174 784 4251 inducens,
808 4176 835 4237 si
866 4175 981 4251 scolas,
1006 4185 1042 4238 ut
1071 4175 1199 4238 dictum
1229 4184 1288 4249 est,
1312 4193 1379 4237 non
1409 4171 1471 4235 sre-

218 4280 435 4358 quentaverit,
450 4277 647 4341 beneficium
663 4299 759 4340 suum
775 4279 809 4340 in
820 4299 939 4340 manus
950 4278 1077 4341 domini
1089 4279 1249 4362 Episcopi
1258 4286 1448 4358 sequestret.
1559 4299 1562 4302 ·

778 4437 909 4456 Ι--ιυ-

220 4529 330 4596 [Simon
346 4529 381 4582 de
391 4529 548 4598 Eygnebif,
561 4529 699 4596 cleoploin,
706 4529 857 4596 presented
870 4530 904 4596 by
915 4529 1009 4597 Ralplr
1026 4528 1060 4582 de
1075 4528 1169 4592 Lond’,
1182 4529 1282 4583 Rector
1295 4529 1332 4597 os
1342 4527 1468 4589 Soutnoe,

282 4611 352 4664 wite
369 4611 415 4664 tlte
424 4617 517 4664 assent
530 4612 567 4679 os
577 4611 666 4680 Nigel
675 4612 709 4663 de
724 4611 848 4673 Luvetot,
862 4612 908 4664 tlte
914 4615 1027 4679 patron.
1039 4614 1065 4665 n'r
1080 4613 1228 4668 instituted
1238 4617 1266 4667 to
1280 4612 1327 4664 tlte
1340 4611 1472 4677 vicorage

283 4694 318 4761 os
323 4695 368 4746 tlte
382 4693 488 4762 Chopel
496 4696 531 4763 os
537 4694 576 4748 St.
588 4693 729 4756 Nemas,
741 4693 778 4760 os
783 4693 968 4748 Hailweston.
1006 4695 1063 4748 The
1073 4696 1206 4763 vicarage
1215 4697 1242 4750 is
1251 4691 1410 4760 desmate]

307 4805 448 4869 Sauum
489 4805 679 4868 Nrcrsomr
719 4817 768 4866 DE
811 4805 1158 4875 westou-Simon
1197 4804 1241 4870 de
1281 4803 1469 4888 Eygnebir’,
1559 4818 1562 4825 ·

219 4907 418 4989 capellanus
441 4917 648 4990 presentatus
671 4928 730 4989 per
751 4907 949 4989 Magistrum
973 4907 1155 4972 Radulfum
1178 4907 1222 4972 de
1246 4907 1362 4985 Lond’,
1386 4907 1469 4972 Rec-

219 5005 325 5073 torem
349 5011 486 5074 ecclesie
509 5010 552 5074 de
575 5010 692 5075 Sudho
716 5010 759 5074 de
785 5031 920 5074 assensu
946 5011 1069 5094 Nigelli
1099 5012 1142 5076 de
1168 5012 1321 5089 Luvetot,
1339 5014 1470 5095 patroni
