3550 5692
608 566 788 663 Episcopi
816 565 1109 641 cemelenensis„
1408 589 1473 639 21¹1

225 803 336 872 [Roger
351 804 385 856 de
401 804 542 865 Neueeton
561 805 728 869 seb-deacon
743 805 893 873 presented
908 804 941 873 by
955 805 1086 857 Hawe'seu
1106 804 1140 857 de
1163 804 1277 872 Queneyq
1301 803 1431 858 Countess
1448 806 1484 872 of

289 886 414 945 Lincoln.
426 888 452 939 is
461 888 607 941 instituted
615 893 643 941 to
654 888 698 941 the
710 887 809 941 chureii
822 889 858 956 os
867 887 1014 956 Wnceby]

311 997 714 1081 WYNCEBY.·-Rogerus
740 998 783 1062 de
809 998 990 1075 Neweton’,
1013 997 1245 1074 subdiaconus,
1269 1006 1477 1080 presentatus

226 1121 283 1183 per
302 1101 484 1164 Hawisiam
504 1103 546 1165 de
568 1099 718 1185 Quency,
734 1102 949 1167 Comitissam
974 1102 1156 1179 Lincolnie,
1176 1101 1219 1164 ad
1238 1101 1412 1165 ecclesiam
1434 1100 1477 1164 de

223 1204 398 1287 'Winceby,
423 1205 511 1269 facta
538 1207 628 1289 prius
654 1207 868 1288 inquisitione
889 1226 948 1287 per
973 1204 1168 1282 Robertum,
1194 1203 1475 1268 Archidiaconum

225 1307 407 1386 Lincolnie,
417 1330 476 1392 per
486 1330 588 1392 quam
600 1310 771 1393 negotium
789 1309 850 1372 luit
861 1310 894 1373 in
907 1310 1077 1392 expedito,
1093 1309 1135 1373 ad
1148 1308 1289 1373 eandem
1302 1308 1475 1372 ecclesiam

223 1411 389 1475 admissus
403 1422 463 1490 est,
478 1423 539 1476 etc.
586 1414 632 1477 Et
648 1412 844 1477 mandatum
860 1424 912 1477 est
927 1413 1037 1499 eidem
1055 1412 1302 1477 Archidiacono
1317 1422 1363 1489 ut,
1379 1422 1439 1477 etc.

223 1596 372 1666 [Matthew
386 1599 421 1652 de
431 1600 574 1663 Reueston,
587 1600 724 1668 chnplnin
733 1600 882 1667 presented
894 1601 927 1669 by
937 1600 983 1652 tlte
992 1600 1078 1653 Peior
1092 1599 1153 1653 and
1164 1599 1290 1653 Convent
1302 1600 1338 1668 of
1343 1600 1439 1669 Kyme,
1453 1600 1478 1661 is

286 1680 430 1734 instituted
438 1682 562 1750 meantes
570 1681 656 1748 Croft.
693 1678 1095 1751 Theve'carogeisdesm'bed]
1446 1718 1448 1723 -

309 1792 668 1857 CROFT’.¹-Matheus
692 1794 736 1857 de
756 1793 944 1870 Reveston’‚
960 1793 1161 1875 capellanus,
1178 1801 1388 1876 presentatus
1415 1812 1474 1876 per

224 1896 370 1959 Priorem
393 1906 427 1960 et
451 1907 653 1961 conventum
678 1898 720 1961 de
747 1898 862 1980 Kyma
887 1898 930 1960 ad
958 1897 1114 1960 vicariam
1139 1895 1277 1960 ecclesie
1301 1896 1344 1960 de
1365 1896 1476 1975 Crost',

222 1998 311 2063 sacta
326 2002 417 2083 prius
433 2002 646 2084 inquisitione
663 2022 721 2084 per
738 2002 786 2079 R„
801 2000 1085 2065 Archidiaconum
1103 2000 1284 2077 Lincolnie,
1295 2021 1353 2082 per
1365 2021 1476 2083 quam,

221 2096 291 2181 etc,
307 2102 349 2167 ad
374 2103 516 2169 eandem
538 2106 692 2169 vicariam
715 2104 881 2168 admissus
905 2114 965 2181 est,
980 2114 1014 2167 et
1035 2105 1068 2167 in
1089 2124 1129 2167 ea
1152 2105 1311 2167 canonice
1335 2104 1476 2168 vicarius

220 2208 401 2285 institutus,
417 2228 492 2272 cum
509 2229 610 2273 onere
624 2219 659 2273 et
679 2229 766 2292 pena
786 2209 991 2272 vicariorum.
1038 2208 1083 2270 Et
1100 2206 1296 2271 mandatum
1315 2216 1367 2271 est
1384 2207 1475 2271 dicto
1571 2232 1573 2236 ·

222 2310 470 2375 Archidiacono
484 2322 530 2390 ut,
543 2322 604 2377 etc.
650 2313 820 2389 Consistit,
832 2322 955 2389 autem,
967 2302 1044 2394 ipsa
1053 2312 1174 2374 vicaria
1186 2312 1220 2373 in
1232 2320 1305 2375 toto
1317 2310 1476 2393 alteragio

219 2415 372 2497 exceptis
388 2410 526 2478 decimis
541 2417 628 2479 casei
645 2426 679 2479 et
694 2415 801 2479 butiri.
1498 2398 1500 2402 ’

219 2601 341 2670 [Walter
354 2602 389 2654 de
404 2602 553 2670 Horbling‚
565 2601 703 2669 chaplain
715 2602 864 2670 presented
877 2602 911 2671 by
927 2603 972 2655 tte
988 2602 1114 2655 Prioress
1130 2601 1191 2654 and
1202 2601 1328 2655 Conveni
1342 2602 1378 2669 of
1384 2601 1476 2655 Staie-

276 2684 356 2753 field
370 2686 395 2737 is
405 2685 552 2738 instituted
559 2691 586 2738 to
598 2684 643 2737 tlte
654 2685 754 2739 etune
765 2686 801 2754 of
807 2684 954 2753 Semerby]

237 2825 239 2830 ·
307 2795 791 2860 §unanimos-walterus
807 2794 849 2858 de
868 2794 1053 2877 Horbling’,
1078 2792 1278 2876 capellanus,
1303 2804 1473 2877 presenta-

219 2907 273 2962 tus
304 2918 362 2980 per
393 2899 586 2962 Priorissam
617 2909 651 2962 et
674 2909 876 2962 conventum
900 2898 943 2962 de
967 2896 1139 2964 Steinfeld’
1162 2897 1205 2961 ad
1230 2896 1404 2962 ecclesiam
1431 2899 1474 2963 de

219 3001 458 3084 Sumeredeby,
485 3002 571 3066 facta
598 3002 689 3086 prius
714 3002 930 3085 inquisitione
954 3022 1012 3086 per
1029 3003 1077 3079 R.,
1094 3002 1377 3066 Archidiaconum
1396 3003 1474 3067 Lin-

218 3103 335 3181 colnie,
355 3126 413 3188 per
432 3126 543 3187 quam,
562 3115 633 3183 etc„
653 3105 696 3169 ad
716 3107 858 3170 eandem
880 3105 1046 3169 admissus
1065 3115 1124 3182 est,
1143 3114 1176 3169 et
1198 3106 1231 3169 in
1251 3127 1291 3170 ea
1314 3107 1474 3171 canonice

218 3227 359 3289 persona
370 3208 549 3271 institutus.
595 3208 658 3273 Cui
669 3208 855 3291 injunctum
868 3218 928 3287 est,
939 3210 1001 3271 sub
1013 3209 1127 3272 debito
1141 3207 1321 3290 juramenti
1335 3211 1473 3292 prestiti,

217 3332 260 3375 ne
290 3311 490 3375 monialibus
520 3312 601 3394 ipsis
625 3312 771 3395 aliquam
797 3315 991 3397 pensionem
1023 3312 1130 3377 solvat
1159 3312 1202 3377 de
1231 3315 1371 3378 ecclesia
1401 3315 1473 3397 ipsa

217 3413 324 3477 donec
352 3414 489 3478 domino
517 3416 686 3499 Episcopo
713 3418 898 3481 constiterit
924 3416 1032 3500 ipsam
1060 3437 1132 3480 esse
1156 3415 1304 3480 debitam
1328 3427 1362 3481 et
1388 3420 1472 3481 anti-

217 3539 327 3601 quam.
373 3520 419 3584 Et
435 3520 632 3585 mandatum
647 3532 699 3586 est
714 3522 822 3587 eidem
841 3522 1089 3586 Archidiacono
1105 3531 1150 3598 ut,
1166 3531 1228 3585 etc.

215 3688 226 3757 [
228 3689 308 3755 John
319 3690 352 3743 de
362 3689 514 3751 Berleston,
525 3690 662 3758 chaplnin
672 3692 819 3759 presented
832 3692 865 3760 by
875 3691 921 3745 tlte
931 3692 1018 3744 Peter
1027 3691 1088 3744 and
1098 3690 1223 3745 Convent
1238 3692 1274 3760 of
1283 3692 1311 3744 Τ
1306 3692 1471 3762 turgum,

280 3772 306 3824 is
315 3772 461 3824 instituted
468 3773 592 3841 vinens
597 3772 705 3840 Kirkby
719 3773 814 3826 Green.
853 3773 910 3826 The
920 3775 1051 3842 ue'carnge
1061 3775 1086 3825 is
1096 3772 1250 3842 described]

303 3880 594 3947 THURGARTON'²
617 3882 914 3967 [sie].—Johannes
955 3883 997 3947 de
1043 3881 1233 3961 Berleston’,
1267 3884 1486 3967 capellanus·

217 3996 426 4069 presentatus
442 3987 664 4069 per-Priorem
683 3996 717 4050 et
738 3997 940 4051 conventum
962 3987 1005 4051 de
1025 3985 1223 4069 Turgarton'
1244 3986 1286 4049 ad
1310 3986 1468 4052 vicariam

214 4090 353 4155 ecclesie
377 4090 419 4154 de
446 4089 608 4172 Kirkeby‚
632 4090 719 4154 sacta
744 4091 834 4173 prius
860 4089 1103 4175 [inquisitione]
1131 4111 1189 4174 per
1214 4090 1263 4168 R.‚
1292 4090 1468 4155 Archidia-

216 4213 338 4258 conum
366 4193 547 4271 Lincolnie,
572 4216 630 4277 per
654 4216 764 4277 quam,
790 4205 861 4272 etc,
885 4195 928 4258 ad
954 4194 1097 4259 eandem
1122 4194 1288 4258 admissus
1312 4205 1373 4271 est,
1397 4207 1468 4273 etc,

215 4320 292 4363 cum
315 4319 416 4362 onere
439 4310 473 4361 et
498 4318 585 4380 pena
610 4298 816 4363 vicariorum.
863 4299 909 4361 Et
925 4298 1121 4361 mandatum
1146 4307 1198 4361 est
1224 4297 1333 4361 eidem
1351 4298 1470 4362 Archi-

214 4402 357 4466 diacono
372 4412 418 4479 ut,
430 4412 511 4478 etc.;
531 4411 565 4463 et
581 4411 618 4465 ut
633 4403 695 4485 ipsi
711 4401 739 4484 J.
753 4423 906 4465 mansum
920 4386 1166 4486 competentem
1184 4402 1285 4465 faciat
1299 4402 1470 4485 assignari.

215 4506 387 4582 Consistit,
413 4514 535 4581 autem,
560 4505 631 4587 ipsa
657 4506 779 4570 vicaria
809 4507 842 4569 in
870 4527 937 4570 una
960 4507 1083 4570 bovata
1105 4516 1190 4570 terre
1213 4505 1354 4583 arabilis
1377 4516 1411 4570 et
1434 4507 1467 4569 in

214 4609 353 4673 decimis
370 4608 459 4694 xxxj
477 4608 672 4671 bovatarum
689 4619 783 4684 terre,
794 4618 828 4673 et
844 4610 877 4673 in
894 4620 967 4675 toto
984 4610 1146 4692 altaragio
1162 4609 1265 4692 ipsius
1281 4608 1420 4673 ecclesie
1434 4619 1468 4673 et

214 4712 252 4798 in,
265 4711 351 4797 tofto
366 4710 577 4794 assignando.

327 4938 337 4967 ¹
350 4937 411 4990 The
423 4940 493 4991 later
504 4939 579 4993 hand
591 4940 641 4992 has
653 4940 745 4993 added
757 4947 772 4969 ‘⁴
782 4941 872 5008 portio
883 4940 1005 4993 vicarie’'.

327 5020 339 5050 ⁸
351 5019 412 5072 The
424 5022 529 5076 second
538 5022 613 5087 hand
625 5022 676 5083 has
686 5022 779 5104 added
791 5029 806 5051 ‘⁸
816 5022 939 5091 Kirkeby
951 5038 1005 5091 ope
1015 5038 1099 5089 grene
1110 5021 1217 5079 dotatio
1228 5020 1352 5074 vicarie”.

1358 5124 1376 5163 Ρ
1386 5125 1401 5163 2
