3550 5692
568 550 747 647 Epesccpi
767 547 1049 623 Lincolnz'ensz‘s.
1365 563 1431 637 177

179 809 237 873 per
266 809 377 871 quam,
406 798 477 865 etc,
507 787 549 851 ad
579 788 721 853 eandem
756 788 921 851 admissus
953 795 1013 862 est,
1028 784 1117 863 lcum
1148 805 1248 849 onere
1277 794 1311 849 et
1345 805 1432 867 pena

178 894 384 969 vicariorum,
406 902 467 956 etc.
514 893 560 956 Et
583 892 769 973 injunctum
793 900 844 956 est
866 890 975 954 eidem
1000 889 1255 966 Archidiacon0,
1278 888 1431 970 presenti,

179 1007 224 1074 ut,
242 1007 304 1060 etc.

178 1166 302 1232 [Walter
310 1167 345 1219 de
354 1166 517 1234 Kantilupo,
525 1165 693 1228 sub-deacon,
701 1164 850 1233 presented
858 1164 892 1233 by
903 1164 1028 1218 Wiliam
1039 1164 1172 1233 Bardulf,
1186 1164 1210 1215 is
1221 1162 1368 1216 instituted
1376 1167 1403 1215 to
1413 1178 1431 1214 a
1468 1122 1470 1131 Ι

243 1248 359 1315 mediety
370 1249 401 1315 os
413 1247 459 1299 the
469 1246 571 1300 chureii
582 1248 618 1314 of
624 1246 822 1315 Rmkington]

267 1352 466 1415 Memarns
483 1351 667 1414 Ecccasrs
683 1364 733 1411 oe
750 1349 1195 1431 Riserurou’.-Magister
1206 1348 1373 1412 Walterus
1388 1346 1431 1410 de

179 1454 374 1539 Kantilup0,
401 1454 633 1531 subdiaconus,
659 1463 868 1536 presentatus
899 1474 958 1535 per
982 1454 1188 1517 Willelmum
1220 1451 1362 1515 Barduli
1387 1451 1430 1514 ad

177 1560 268 1623 illam
290 1558 504 1623 medietatem
525 1559 663 1622 ecclesie
683 1558 726 1621 de
747 1557 936 1619 Riskinton’
953 1578 1053 1639 quam
1078 1559 1290 1620 Manasserus
1311 1556 1429 1618 ultimo

178 1663 294 1740 tenuit,
309 1663 397 1726 tacta
412 1663 503 1745 prius
524 1664 737 1744 inquisitione
758 1683 816 1745 per
833 1663 882 1738 R.,
898 1661 1182 1725 Archidiaconum
1201 1659 1381 1735 Lincolnie‚
1396 1668 1431 1722 et

180 1758 343 1848 Magistro
365 1766 417 1829 W.
436 1766 479 1829 de
500 1755 677 1829 Rainham’
697 1766 935 1848 presentationi
958 1786 1017 1827 sue
1036 1765 1259 1839 renunciante,
1278 1782 1336 1844 per
1357 1750 1429 1843 que,

178 1878 249 1947 etc,
264 1868 307 1932 ad
326 1869 468 1933 eandem
490 1870 655 1933 admissus
675 1878 735 1946 est,
750 1879 810 1931 etc.
858 1869 903 1932 Et
920 1867 1116 1930 mandatum
1139 1876 1189 1929 est
1205 1865 1295 1930 dicto
1312 1864 1430 1928 Archi-

178 1972 321 2037 diacono
337 1983 383 2050 ut,
397 1984 458 2037 etc.
505 1974 638 2037 Desunt
653 1974 746 2037 litere
762 1972 1025 2056 presentationis.
1043 2032 1045 2037 .

177 2142 323 2206 [lt'icleolas
333 2142 368 2196 de
378 2124 560 2196 ,Maundevill
567 2145 594 2196 is
604 2143 724 2208 collated,
737 2143 835 2210 owing
845 2147 873 2194 to
883 2157 901 2193 a
912 2143 1021 2209 dispute
1030 2140 1114 2193 about
1123 2139 1168 2194 tire
1173 2142 1338 2208 patronage,
1349 2130 1376 2192 to
1387 2138 1432 2191 tire

243 2225 344 2279 chureii
356 2228 392 2294 of
397 2225 536 2293 Munda]

268 2328 650 2392 MUMBY.-Nicholaus
666 2328 708 2392 de
722 2328 946 2404 Maundevill’,
958 2326 1094 2410 [blanau
1104 2326 1155 2389 cui
1168 2326 1323 2389 dominus
1335 2324 1432 2407 Epis-

179 2450 283 2512 copus
295 2430 338 2494 de
353 2433 568 2495 concessione
582 2443 617 2495 et
628 2432 809 2495 donatione
823 2431 943 2493 Prioris
958 2440 993 2494 et
1008 2440 1191 2493 conventus
1203 2429 1245 2492 de
1259 2427 1433 2509 Markeby,

178 2543 395 2616 patronorum
416 2536 554 2599 ecclesie
576 2534 619 2598 de
637 2535 789 2617 Mumby,
804 2534 978 2597 ecclesiam
998 2534 1105 2615 ipsam
1119 2553 1201 2613 ¹cum
1225 2529 1433 2614 pertinentiis

178 2638 328 2715 contulit,
353 2641 494 2721 receptis
521 2640 638 2703 litteris
659 2638 785 2701 domini
808 2638 912 2719 Regis
938 2636 1186 2700 continentibus
1211 2635 1300 2717 quod
1324 2634 1432 2697 dictus

181 2743 274 2804 Prior
295 2763 407 2806 coram
428 2744 619 2825 justiciariis
641 2743 731 2825 apud
753 2742 1088 2806 Westmonasterium
1114 2740 1319 2822 recuperavit
1342 2738 1432 2801 scisi-

178 2866 257 2909 nam
281 2868 376 2910 suam
397 2869 510 2911 versus
533 2847 718 2911 Robertum
742 2846 773 2909 le
791 2847 901 2910 Thurs
924 2855 958 2909 et
979 2845 1173 2920 Beatricem,
1189 2864 1329 2906 uxorem
1353 2841 1433 2923 ejus,

178 2950 221 3013 de
244 2950 464 3015 advocatione
486 2951 625 3015 ecclesie
647 2950 690 3013 de
714 2951 858 3033 Mumby
877 2971 936 3033 per
958 2948 1258 3013 considerationem
1282 2945 1432 3027 ejusdem

179 3054 278 3131 curie,
302 3064 373 3131 etc,
398 3074 456 3136 per
479 3075 554 3135 que,
577 3064 648 3131 etc,
669 3056 702 3116 in
727 3053 845 3117 eadem
870 3054 1009 3117 ecclesia
1034 3072 1176 3135 persona
1199 3051 1359 3114 canonice
1383 3058 1434 3112 est

179 3159 372 3235 institutus;
398 3158 491 3221 salvo
515 3158 642 3221 eisdem
669 3159 772 3222 Priori
798 3168 832 3222 et
856 3157 1034 3221 conventui
1058 3156 1131 3237 jure
1154 3153 1367 3237 presentandi
1391 3153 1433 3216 ad

178 3259 321 3324 eandem
342 3280 418 3323 cum
439 3261 546 3343 ipsam
567 3261 704 3325 ulterius
723 3282 841 3324 vacare
865 3259 1049 3342 contigerit.
1088 3259 1146 3322 ·Et
1166 3257 1363 3321 mandatum
1384 3266 1435 3319 est

181 3365 230 3441 R,
244 3364 491 3429 Archidiacono
509 3362 689 3443 Lincolnie‚
701 3377 747 3443 ut,
756 3377 817 3430 etc.
864 3364 993 3430 Omnes
1009 3372 1121 3427 autem
1138 3363 1246 3427 littere
1262 3362 1433 3444 negotium

178 3468 268 3531 istud
282 3470 514 3552 contingentes
526 3472 670 3553 reposite
684 3480 762 3533 sunt
777 3471 810 3532 in
827 3470 948 3533 scrinio
958 3468 1084 3531 domini
1100 3467 1257 3549 Episcopi
1269 3467 1302 3528 in
1320 3465 1435 3548 pixide

177 3572 319 3655 signata.

177 3741 290 3811 [Henry
306 3743 340 3796 de
355 3743 525 3809 Iez'rcestna,
543 3743 682 3811 ehaplain
694 3743 843 3809 presented
856 3743 890 3811 by
906 3742 951 3795 tire
966 3741 1056 3794 Aibat
1067 3740 1128 3793 and
1144 3741 1270 3793 Conveni
1283 3743 1314 3807 os
1324 3739 1434 3808 Aunay,

244 3825 270 3875 is
280 3824 416 3877 admitted
423 3827 504 3878 vicar
513 3826 549 3893 os
554 3824 668 3878 Limber
676 3824 811 3892 Magna]

271 3926 445 3990 LIMBERG
460 3926 846 3990 VICARIA.-Henricus
865 3926 909 3991 de
926 3925 1130 4001 Leircestria‚
1146 3924 1345 4005 capellanus
1361 3945 1433 4007 pre-

177 4038 332 4093 sentatus
348 4050 406 4112 per
417 4030 587 4094 Abbatem
603 4040 637 4093 et
652 4040 854 4094 conventum
865 4030 907 4093 de
924 4030 1050 4093 Alneto
1066 4028 1108 4092 ad
1125 4028 1280 4091 vicariam
1297 4028 1434 4114 ecclesie

177 4133 223 4197 de
241 4133 451 4216 Limberghe,
463 4144 636 4198 vacantem
654 4156 713 4217 per
728 4145 870 4198 mortem
883 4134 1036 4216 Magistri
1048 4132 1211 4217 Johannis
1227 4132 1280 4195 del
1299 4132 1435 4196 Houme

177 4236 236 4319 qui
247 4256 322 4299 eam
335 4237 453 4301 ultimo
465 4240 581 4314 tenuit,
591 4238 679 4302 iacta
691 4239 781 4320 prius
793 4238 1007 4320 inquisitione
1019 4258 1078 4319 per
1091 4237 1140 4313 R.,
1151 4234 1432 4299 Archidiaconum

179 4339 363 4416 Lincolnie‚
386 4362 445 4424 per
468 4361 578 4422 quam,
600 4350 671 4418 etc,
693 4342 736 4405 ad
760 4341 902 4406 eandem
930 4341 1095 4404 admissus
1118 4349 1168 4403 est
1192 4359 1268 4401 cum
1292 4359 1378 4425 pena
1401 4347 1434 4402 et

178 4463 285 4525 onere¹
296 4444 500 4507 vicariorum.
548 4446 593 4510 Et
609 4445 805 4509 mandatum
821 4455 873 4509 est
888 4446 979 4509 dicto
996 4443 1241 4507 Archidiacono
1257 4453 1303 4519 ut,
1319 4453 1379 4506 etc.

177 4617 285 4687 [Ralph
294 4618 328 4669 de
336 4618 436 4671 Sancto
444 4619 614 4681 Fromund0,
623 4619 790 4680 snbdeacon,
793 4620 944 4687 presented
948 4619 981 4688 by
989 4619 1034 4671 tire
1042 4619 1127 4671 Prior
1133 4617 1321 4684 ofSleerturn
1328 4621 1439 4683 tracto

236 4700 292 4769 sor
305 4699 352 4751 tire
367 4699 454 4754 Pn'or
471 4700 532 4752 and
551 4701 676 4754 Convent
694 4701 730 4769 of
744 4702 784 4755 St.
804 4700 955 4764 Fromund,
972 4702 997 4752 is
1018 4700 1163 4752 instituted
1179 4704 1207 4751 to
1224 4699 1270 4752 tire
1289 4697 1389 4751 chitrei
1405 4701 1441 4767 of

245 4780 344 4849 Saty.
378 4782 405 4833 A
413 4783 533 4850 pennen
545 4784 570 4835 is
580 4785 711 4836 received
718 4788 745 4836 to
756 4784 801 4836 tire
814 4784 961 4849 Conveni]

270 4884 641 4950 saxosa-Radulsus
664 4887 706 4950 de
730 4887 855 4952 Sancto
880 4886 1083 4964 Fromund0,
1107 4886 1339 4963 subdiaconus,
1363 4906 1436 4968 pre-

179 4997 332 5050 sentatus
368 4987 410 5050 ad
441 4990 615 5053 ecclesiam
646 4990 689 5053 de
724 4990 862 5073 Saxeby
893 5012 952 5073 per
984 4991 1129 5054 Priorem
1160 4989 1203 5052 de
1235 4989 1435 5067 Shireburn',

248 5094 318 5149 Vor„
333 5096 383 5148 lll.
1355 5111 1373 5149 u
