3550 5692
347 586 415 674 148
680 581 817 663 Rutuli
840 580 1017 678 Hugom's
1041 580 1084 655 de
1120 582 1253 655 Welles

341 844 462 888 conum
481 821 662 898 Lincolnie,
677 842 736 904 per
756 841 866 903 quam,
881 830 952 898 etc,
968 819 1011 884 ad
1030 819 1171 884 eandem
1192 820 1406 884 medietatem
1430 820 1597 888 admissus

341 937 401 1003 est,
416 936 477 991 etc.
524 925 570 988 Et
585 924 771 1006 injunctum
787 932 839 987 est
854 922 1005 1007 predicto
1021 923 1269 987 Archidiacono
1284 934 1330 1000 ut,
1345 934 1405 987 etc.

341 1095 479 1163 [Richard
487 1095 520 1148 de
531 1095 558 1147 A
556 1094 652 1161 palm,
663 1093 831 1157 subdeaeon,
842 1094 919 1161 aster
927 1108 945 1143 a
956 1092 1064 1161 dispuit
1074 1093 1159 1146 about
1173 1094 1219 1147 the
1231 1098 1395 1163 patronage,
1409 1093 1434 1145 is
1445 1092 1563 1147 collated
1570 1099 1599 1146 to

405 1179 450 1232 the
461 1177 560 1232 church
572 1177 608 1245 os
613 1178 677 1231 Scot
690 1175 884 1245 Willoughby]

427 1296 810 1362 WYLEBv.-Ricardus
839 1296 882 1361 de
910 1296 1059 1380 Apeltre,
1089 1296 1321 1373 subdiaconus,
1351 1297 1403 1360 cul
1429 1297 1599 1360 Dominus

342 1404 529 1486 Episcopus
558 1402 730 1465 ecclesiam
761 1399 804 1464 de
835 1400 970 1483 Wileby
997 1402 1195 1465 auctoritate
1220 1400 1361 1493 contulit
1389 1400 1539 1477 Concilii‚
1563 1403 1596 1463 in

340 1508 458 1571 eadem
485 1506 644 1569 canonice
668 1524 810 1588 persona
833 1514 884 1567 est
909 1505 1100 1582 institutus;
1129 1505 1223 1569 salvo
1249 1505 1412 1587 Magistro
1438 1505 1596 1569 Michaeli

342 1611 436 1674 Belet
458 1609 531 1691 jure
555 1607 767 1691 presentandi
797 1606 841 1670 ad
865 1607 1007 1671 eandem
1038 1628 1115 1670 cum
1140 1608 1248 1690 ipsam
1272 1608 1354 1671 alias
1376 1628 1494 1671 vacare
1518 1629 1598 1670 con-

340 1716 460 1797 tigerit,
471 1734 547 1776 cum
564 1714 597 1775 in
613 1712 730 1775 litteris
747 1712 884 1774 Domini
899 1712 1001 1793 Regis
1017 1732 1077 1793 pro
1092 1712 1211 1775 eodem
1230 1713 1401 1794 Magistr0,
1417 1723 1492 1795 post
1508 1712 1598 1773 hane

341 1817 551 1881 collationem
572 1815 720 1897 receptis
736 1815 945 1878 contineatur
965 1812 1055 1895 quod
1072 1834 1148 1877 cum
1165 1816 1269 1877 assisa
1288 1815 1404 1878 ultime
1427 1825 1599 1897 presenta-

341 1922 440 1983 tionis
456 1920 660 1982 summonita
675 1927 763 1981 esset
779 1937 890 1980 coram
904 1918 1095 1999 justiciariis
1115 1919 1236 1981 nostris
1255 1918 1485 1983 itinerantibus
1505 1918 1598 2001 apud

342 2024 560 2099 Lincolniam,
596 2024 682 2086 inter
720 2022 920 2104 Magistrum
961 2020 1160 2085 Michaelem
1201 2022 1305 2098 Belet,
1344 2031 1524 2105 petentem,
1563 2032 1598 2085 et

342 2128 491 2191 Fratrem
509 2124 705 2200 Galfridum,
723 2125 923 2205 Magistrum
948 2125 1070 2187 domus
1095 2126 1137 2189 de
1159 2125 1351 2201 Stikewald,
1367 2135 1401 2188 et
1420 2125 1597 2207 Simonem

339 2230 382 2294 de
408 2230 536 2305 Nevill',
559 2227 789 2303 deforcianteS,
815 2227 857 2290 de
882 2227 1102 2292 advocatione
1132 2228 1270 2292 ecclesie
1296 2228 1339 2293 de
1363 2228 1507 2310 Wileby,
1531 2230 1597 2311 ipsi

342 2338 457 2398 Frater
484 2333 522 2398 G.
547 2343 581 2396 et
607 2332 639 2397 S.
658 2341 820 2395 venerunt
847 2333 880 2394 in
907 2331 1024 2395 eadem
1050 2334 1149 2409 curia,
1174 2344 1438 2415 recognoverunt
1460 2343 1494 2397 et
1516 2355 1598 2396 con-

340 2447 509 2502 cesserunt
535 2436 644 2500 eidem
677 2436 840 2517 Magistro
868 2436 914 2499 M.
942 2437 1224 2518 presentationem
1252 2458 1345 2499 suam
1378 2436 1420 2499 ad
1451 2438 1595 2501 eandem

340 2543 521 2606 ecclesiam,
568 2541 613 2603 Et
629 2540 815 2621 injunctum
832 2550 883 2603 est
902 2539 1147 2603 Archidiacono
1164 2540 1337 2603 Lincolnie
1354 2550 1399 2617 ut,
1415 2551 1475 2604 etc.

340 2713 481 2779 [Williom
490 2711 524 2763 de
534 2710 641 2772 Insula,
662 2710 769 2772 deacon,
782 2709 927 2777 presented
939 2710 972 2777 by
982 2710 1113 2763 Lambert
1128 2710 1162 2763 de
1174 2710 1295 2769 limem,
1316 2712 1342 2763 is
1353 2710 1497 2763 instituted
1505 2716 1532 2763 to
1549 2711 1597 2763 the

404 2792 504 2845 churclr
515 2792 552 2859 os
557 2790 733 2859 Hougham]

429 2910 824 2992 HACHAM’.—Magister
840 2908 1028 2972 Willelmus
1043 2910 1086 2973 de
1104 2911 1225 2987 Insula,
1241 2911 1410 2987 diaconus,
1426 2922 1594 2994 presenta-

339 3026 393 3079 tus
414 3036 472 3097 per
493 3014 709 3077 Lambertum
726 3012 769 3075 de
786 3013 937 3089 Busset0‚
957 3014 1106 3091 militem,
1122 3015 1164 3078 ad
1184 3014 1357 3079 ecclesiam
1377 3014 1420 3078 de
1439 3016 1592 3078 Hacham

339 3139 414 3181 cum
441 3118 657 3200 pertinentiis,
681 3118 779 3179 lacta.
794 3116 883 3199 prius
911 3116 1123 3198 inquisitione
1148 3138 1206 3201 per
1232 3119 1280 3194 R,
1308 3117 1591 3181 Archidiaconum

341 3222 521 3298 Lincolnie,
543 3241 601 3303 per
625 3240 736 3301 quam,
756 3229 826 3296 etc,
847 3219 890 3282 ad
911 3220 1053 3283 eandem
1074 3220 1138 3283 sub
1162 3242 1249 3303 pena
1269 3221 1408 3286 Concilii
1428 3222 1591 3285 admissus

339 3335 474 3400 estete.
522 3324 566 3386 Et
583 3322 778 3385 mandatum
795 3332 845 3385 est
861 3322 951 3388 dicto
968 3323 1216 3387 Archidiacono
1231 3333 1276 3401 ut,
1292 3335 1352 3388 etc.

338 3481 444 3550 [Ralph
456 3480 489 3533 de
500 3480 712 3548 Beningwortlr,
724 3479 894 3539 sub-deacon,
903 3480 979 3548 oster
986 3498 1004 3533 a
1011 3480 1119 3547 despute
1130 3482 1213 3535 about
1221 3482 1265 3535 tlte
1270 3485 1437 3549 patronage,
1445 3484 1470 3535 is
1481 3482 1595 3535 collated

403 3568 430 3615 to
441 3562 486 3615 the
496 3563 598 3630 chureii
609 3564 644 3629 os
651 3561 788 3630 Evedon]

428 3681 826 3747 EVEDUNn.—Vacante
856 3682 996 3745 ecclesia
1032 3681 1074 3745 de
1106 3683 1277 3759 Evedona,
1308 3693 1341 3747 et
1373 3683 1522 3748 Gerardo
1551 3683 1592 3745 de

342 3787 492 3862 Huwell'‚
508 3786 635 3848 ratione
651 3784 739 3847 dotis
756 3785 870 3846 uxoris
886 3804 953 3861 sue,
969 3795 1182 3867 presentante
1199 3787 1240 3850 ad
1257 3787 1408 3862 eandem,
1421 3788 1590 3869 negotium

340 3891 521 3976 presentati
538 3910 596 3971 per
612 3888 909 3951 contradictionem
926 3890 1161 3952 canonicorum
1177 3889 1220 3953 de
1234 3891 1357 3972 Kyma‚
1373 3892 1593 3954 instrumenta

339 3995 484 4078 quedam
502 4003 748 4078 antecessorum
771 3992 814 4054 H.
835 3992 878 4055 de
899 3993 1024 4057 Sancto
1044 3993 1205 4070 Vedast0,
1224 3994 1373 4075 junioris
1389 3996 1421 4056 in
1442 3995 1594 4058 custodia

340 4099 477 4161 Domini
496 4096 653 4178 Episcopi
675 4105 753 4157 tunc
773 4096 958 4172 existentis
977 4117 1076 4179 super
1094 4098 1196 4179 ipsius
1218 4098 1356 4161 ecclesie
1374 4098 1592 4162 advocatione

339 4202 606 4284 proponentium,
636 4200 669 4261 in
700 4208 831 4261 tantum
862 4198 1003 4262 dilatum
1034 4210 1085 4263 est
1115 4200 1204 4281 quod
1245 4202 1346 4283 ipsius
1386 4201 1520 4265 collatio
1550 4202 1591 4264 ad

340 4306 524 4368 Dominum
557 4304 762 4385 Episcopum
794 4304 972 4366 autoritate
1003 4303 1141 4368 Concilii
1173 4304 1269 4367 fuerit
1299 4304 1464 4381 devoluta,
1491 4325 1591 4386 quam

341 4409 504 4488 Magistro
532 4405 677 4469 Radulso
703 4405 746 4469 de
777 4406 1031 4488 Beningworth’,
1061 4407 1275 4484 subdiacono,
1304 4408 1421 4471 eadem
1452 4409 1592 4472 contulit

339 4511 525 4585 autoritate,
541 4509 632 4571 salvo
645 4508 720 4590 jure
735 4509 821 4571 illius
837 4511 892 4591 qui
907 4510 961 4591 jus
977 4521 1181 4593 patronatus,
1196 4522 1257 4575 etc.
1304 4512 1462 4577 Canonici
1479 4522 1590 4575 autem

340 4613 478 4696 predicti
495 4611 644 4695 predicta
660 4613 881 4676 instrumenta
897 4635 957 4677 sua
973 4616 1005 4676 in
1023 4634 1141 4677 manus
1152 4616 1290 4678 Domini
1303 4616 1460 4698 Episcopi
1473 4626 1595 4697 sponte

341 4718 598 4798 resignaverunt,
623 4716 731 4797 ipsius
761 4716 961 4780 ordinationi
992 4739 1028 4781 se
1058 4740 1157 4801 super
1191 4720 1265 4801 jure
1303 4740 1363 4781 suo
1400 4720 1594 4802 simpliciter

341 4820 540 4883 subicientes
552 4830 586 4882 et
602 4819 752 4891 absolute
765 4842 772 4896 3
790 4820 903 4901 quide
918 4841 1054 4897 assensu
1071 4822 1294 4905 predictorum
1308 4823 1341 4885 in
1354 4822 1440 4885 hunc
1453 4823 1590 4886 modum

341 4923 515 4999 ordinavit,
541 4922 704 5020 videlicet,
727 4922 819 5004 quod
843 4924 961 5005 prelati
988 4926 1138 4997 canonici
1169 4926 1211 4989 de
1237 4926 1352 5008 Kyma
1382 4946 1510 4989 annuos
1541 4948 1589 4987 xx

341 5025 464 5089 solidos
476 5026 518 5089 de
534 5025 682 5109 predicta
696 5023 835 5089 ecclesia
846 5026 891 5094 de
903 5028 1073 5105 Evedona,
1084 5030 1218 5105 nomine
1234 5028 1393 5105 beneficii,
1404 5050 1462 5111 per
1472 5038 1591 5092 manus
