3550 5692
582 544 760 643 Episcopi
783 545 1071 623 [incolniensis.¹
1408 569 1457 641 79

199 783 289 852 dicte
308 783 446 848 ecclesie
468 793 519 847 est
539 784 714 861 admissus,
729 796 763 852 et
782 786 816 849 in
831 785 960 862 eadem,
976 795 1052 863 etc.;
1075 795 1148 867 que
1161 786 1313 853 consistit
1333 786 1367 849 in
1385 796 1458 871 toto

199 888 361 968 alteragio
376 908 452 961 cum
470 887 555 951 tofto
568 889 771 970 assignando
784 898 893 971 preter
906 889 1010 953 linum
1023 899 1057 951 et
1074 890 1217 971 primum
1231 888 1377 971 legatum
1394 911 1401 964 ;
1424 899 1458 952 et

200 992 262 1073 ipsi
295 992 387 1060 Prior
413 1000 447 1054 et
477 1001 661 1055 conventus
691 993 917 1078 procurabunt
948 993 1129 1075 hospitium
1156 992 1402 1067 Archidiaconi,
1423 1002 1458 1055 et

199 1104 309 1157 cetera
335 1115 437 1158 onera
467 1104 536 1158 tam
556 1096 735 1160 ,ordinaria
763 1116 863 1177 quam
894 1096 1159 1159 extraordinaria
1190 1097 1222 1157 in
1259 1104 1459 1177 perpetuum¹

200 1198 419 1268 sustinebunt.
467 1199 512 1263 Et
528 1209 579 1261 est
594 1200 717 1263 vicaria
732 1200 799 1263 sere
815 1200 962 1281 quinque
978 1219 1172 1263 marcarum.

199 1368 339 1435 [Geaffrey
349 1368 382 1419 de
400 1368 537 1436 Diggeby,
549 1369 692 1436 chaplain,
695 1370 845 1437 presented
858 1370 892 1437 by
902 1340 948 1421 tite
958 1370 1102 1437 aforesaid
1115 1368 1202 1421 Prior
1210 1368 1270 1419 and
1288 1368 1413 1420 Convent
1428 1370 1464 1433 of

268 1449 378 1510 Catilio,
389 1450 415 1501 is
425 1450 570 1502 instituted
578 1452 659 1503 vicar
667 1452 703 1518 as
709 1451 810 1519 Digby.
848 1452 905 1502 Tire
915 1452 1046 1519 vicarage
1057 1452 1082 1502 is
1092 1450 1246 1517 described]

289 1552 578 1633 DIGGEBv.-(xii
611 1553 744 1635 marce.)
789 1553 1032 1617 Galfridusde
1064 1552 1230 1634 Diggeby,
1258 1552 1458 1634 capellanus

200 1664 411 1737 presentatus
431 1676 489 1737 per
509 1655 617 1718 dictos
645 1657 791 1719 Priorem
812 1665 846 1720 et
865 1668 1067 1719 conventum
1093 1656 1135 1719 de
1161 1655 1292 1729 Cattele
1317 1655 1359 1717 ad
1385 1676 1458 1737 per-

201 1766 336 1839 petuam
350 1759 506 1829 vicariam
523 1759 612 1822 dicte
627 1760 765 1843 ecclesie
781 1760 946 1823 admissus
962 1771 996 1824 et
1013 1762 1045 1822 in
1061 1761 1190 1835 eadem,
1201 1769 1278 1837 etc.;
1299 1780 1364 1841 que
1379 1780 1457 1821 con-

201 1862 288 1923 sistit
301 1863 333 1925 in
350 1871 423 1923 toto
436 1863 598 1945 altaragio
614 1864 836 1945 preterlinum
854 1874 887 1927 et
901 1866 1044 1946 primum
1056 1864 1202 1946 legatum
1217 1885 1224 1935 ;
1247 1873 1280 1927 et
1291 1864 1353 1945 ipsi
1365 1863 1458 1937 Prior

199 1974 234 2027 et
249 1975 433 2028 conventus
449 1956 674 2048 procurabunt
690 1968 871 2050 hospitium
886 1968 1132 2043 Archidiaconi,
1142 1977 1176 2054 et
1186 1976 1295 2030 cetera
1305 1986 1407 2029 onera
1424 1966 1457 2027 in

202 2062 402 2150 perpetuum
419 2070 640 2133 sustinebunt.
688 2071 733 2133 Et
748 2081 800 2133 est
815 2072 937 2134 vicaria
953 2071 997 2152 iiij
1017 2091 1210 2147 marcarum.
1419 2061 1421 2064 ⁸

205 2255 277 2318 [Tne
288 2258 419 2325 vicarage
430 2260 466 2326 af
471 2259 497 2311 A
500 2259 591 2311 nnn'ck
601 2260 626 2311 is
636 2259 792 2325 described]

218 2372 220 2376 ’
290 2360 451 2425 ANEWIC
458 2361 658 2442 jamdudum
671 2373 722 2426 est
732 2364 885 2425 ordinata
898 2364 1043 2427 nescitur
1054 2362 1189 2451 quando
1201 2361 1252 2424 vel
1269 2378 1436 2442 perquem
1451 2380 1458 2437 ;

200 2464 355 2526 consistit
376 2465 409 2526 in
431 2474 505 2528 toto
526 2467 688 2548 altaragio
706 2478 740 2531 et
759 2468 792 2529 in
808 2467 947 2531 decimis
966 2468 1064 2529 unius
1085 2466 1207 2528 bovate
1225 2474 1318 2531 terre,
1330 2463 1365 2531 in,
1379 2462 1458 2531 villa

201 2567 353 2630 Amewic
368 2578 403 2631 et
424 2568 483 2650 inj
504 2569 627 2632 bovata
647 2579 733 2633 terre
753 2570 902 2632 arrabilis
921 2591 996 2633 cum
1014 2570 1145 2633 duobus
1169 2569 1261 2633 tostis
1283 2568 1316 2629 in
1338 2565 1457 2629 eadem

200 2670 286 2733 villa.
335 2672 427 2733 Prior
451 2673 666 2754 respondebit
690 2682 726 2735 ut
756 2694 856 2755 supra
882 2683 919 2749 et
942 2673 1030 2736 valet
1053 2674 1175 2736 vicaria
1205 2672 1332 2755 [blank]
1363 2672 1459 2734 aliter

201 2774 357 2838 ordinata
381 2784 431 2837 est
459 2797 517 2857 per
543 2776 743 2858 Magistrum
771 2778 809 2839 R.
835 2777 877 2839 de
903 2776 1006 2839 Cestr'
1034 2786 1113 2839 tunc
1141 2775 1329 2840 Officialem
1357 2784 1394 2836 ut
1425 2776 1457 2835 in

201 2878 311 2940 rotulo
329 2888 496 2940 cartarum
513 2879 590 2941 anni
607 2880 687 2942 noni
703 2901 722 2942 a
738 2888 840 2961 tergo.

200 3096 308 3165 [Rada
315 3098 350 3149 de
361 3097 513 3165 Westburg,
521 3098 659 3165 ckaplain,
666 3100 815 3166 presented
820 3099 905 3167 hythe
912 3100 1078 3157 Priarsand
1087 3100 1225 3163 Convenis
1232 3099 1459 3167 ofHavertralme

265 3180 327 3231 and
335 3179 472 3247 Stielsord,
485 3180 510 3231 is
521 3180 666 3233 instituted
673 3181 986 3248 veeara‘Dorringtan.
1025 3182 1081 3233 Tire
1092 3183 1223 3247 vicarage
1233 3182 1258 3233 is
1269 3182 1425 3247 aaronica]
1454 3258 1455 3261 Ἴ
1508 3190 1511 3195 ’

290 3282 618 3365 DURINTON.—(xij
654 3290 787 3366 marce.)
834 3283 1033 3365 Radulphus
1063 3283 1106 3347 de
1136 3284 1326 3366 Westburg,
1349 3284 1457 3366 capel-

202 3385 307 3460 lanus,
328 3395 539 3467 presentatus
563 3408 621 3468 per
642 3388 771 3451 Priores
794 3397 828 3449 et
849 3395 1033 3450 conventus
1052 3386 1095 3449 de
1117 3386 1344 3450 Haverholme
1363 3386 1458 3449 etde

203 3488 377 3553 Schellord
408 3488 450 3552 ad
482 3490 638 3552 vicariam
668 3489 758 3552 dicte
787 3490 935 3565 ecclesie,
961 3490 1063 3552 habet
1093 3489 1289 3565 custodiam,
1316 3510 1381 3570 que
1412 3490 1457 3551 sic
1526 3504 1530 3512 ’

202 3592 357 3658 ordinata
376 3604 447 3656 est:
469 3594 610 3655 vicarius
632 3592 768 3656 habebit
787 3614 831 3656 ex
853 3603 948 3675 parte
967 3592 1010 3655 de
1028 3592 1233 3655 Haverholm
1253 3602 1287 3655 et
1303 3614 1346 3654 ex
1364 3602 1458 3674 parte

203 3696 377 3760 Schellord
409 3706 519 3759 totum
550 3697 746 3779 alteragium
777 3707 888 3779 preter
911 3696 1125 3759 medietatem
1150 3695 1207 3758 lini
1230 3718 1275 3758 ex
1299 3706 1392 3777 parte
1415 3694 1458 3757 de

203 3800 418 3863 Haverholm.
469 3801 564 3877 Item,
582 3822 626 3863 ex
651 3811 745 3883 parte
767 3799 810 3863 de
835 3799 1041 3863 Haverholm
1066 3799 1167 3861 habet
1191 3798 1332 3862 vicarius
1355 3818 1456 3861 unam

202 3904 358 3967 bovatam
376 3912 462 3966 terre
478 3904 619 3980 arabilis
634 3913 667 3966 et
687 3925 731 3967 ex
752 3913 845 3985 parte
861 3903 904 3965 de
921 3902 1094 3967 Schelford
1114 3923 1216 3966 unum
1234 3901 1365 3978 toftum,
1381 3922 1456 3964 cum

201 4007 308 4070 crolto
333 4007 424 4088 quod
449 4009 592 4089 pertinet
622 4008 665 4071 ad
697 4028 790 4069 suam
824 4007 1039 4069 medietatem
1070 4008 1158 4070 dicte
1189 4007 1336 4083 ecclesie,
1366 4006 1457 4087 quod

201 4110 323 4173 toftum
341 4131 416 4172 cum
433 4110 538 4172 crofto
554 4110 737 4192 equipollet
756 4111 877 4173 bovate
897 4121 982 4173 terre
998 4110 1130 4197 arabilis
1151 4110 1229 4172 date
1244 4130 1288 4172 ex
1305 4119 1399 4192 parte
1414 4109 1457 4172 de

205 4213 433 4290 Haverholm;
456 4223 489 4277 et
506 4216 568 4294 ipsi
588 4215 717 4277 Priores
735 4225 770 4278 et
789 4224 973 4281 conventus
993 4214 1283 4296 proportionaliter
1304 4235 1457 4296 procura-

201 4318 285 4380 bunt
309 4319 490 4406 hospitium
513 4319 759 4395 Archidiaconi,
774 4329 808 4382 et
826 4329 936 4382 cetera
957 4329 1147 4406 oneratam
1171 4318 1337 4381 ordinaria
1356 4339 1456 4400 quam

200 4421 467 4484 extraordinaria
497 4422 530 4483 in
569 4431 765 4510 perpetuum
806 4422 1024 4484 sustinebunt.
1087 4422 1131 4483 Et
1169 4431 1220 4484 est
1251 4422 1372 4485 vicaria
1410 4422 1455 4502 iiij

202 4545 398 4588 marcarum.

200 4695 300 4760 [Jahn
313 4696 453 4762 chaplatn,
458 4697 609 4762 presented
616 4696 650 4764 by
656 4695 702 4747 tlte
712 4696 800 4753 Prior
808 4695 868 4747 and
881 4696 1007 4747 Conveni
1016 4696 1051 4762 of
1057 4696 1102 4747 tiee
1113 4695 1248 4761 Hospital
1256 4700 1287 4747 at
1297 4695 1421 4755 Lincaln,
1434 4696 1458 4748 is

126 4800 129 4802 “
266 4777 411 4830 instituted
419 4779 500 4830 vicar
507 4779 543 4844 of
554 4778 746 4845 Bracebridge.
785 4779 811 4828 T
807 4777 842 4829 lte
852 4779 984 4845 vicarage
994 4778 1019 4829 is
1029 4777 1184 4840 described]

290 4889 644 4970 BRASCEBRIG..—(xx
662 4890 871 4970 marcarum.)
908 4889 1078 4971 Johannes
1092 4886 1245 4970 Caiphas‚
1258 4886 1458 4970 capellanus,

201 5000 413 5073 presentatus
438 5012 497 5073 per
524 4993 670 5054 Priorem
702 5002 736 5054 et
762 5003 964 5055 conventum
993 4992 1179 5073 Hbspitalis
1212 4991 1390 5067 Lincolnie.
1413 4991 1456 5053 ad
