3550 5692
582 580 761 676 Episcopi
790 578 1075 655 Lincolniensis.
1386 585 1451 671 165

180 831 405 908 contentum,
420 822 599 885 institutus.
645 821 691 884 Et
714 820 901 901 injunctum
924 830 975 882 est
1000 818 1246 882 Archidiacono
1272 819 1453 895 Lincolnie,

201 925 354 1006 presenti,
369 934 415 1000 ut,
429 934 490 988 etc
535 923 591 1006 [In
607 924 661 987 the
675 924 806 1005 margin
820 922 889 1004 .·-]
907 923 1039 985 Desunt
1055 922 1147 985 litere
1163 922 1392 1003 inquisitionis

199 1057 363 1161 [Robettde
384 1092 599 1161 Frorningnam,
623 1093 760 1160 cnaplain,
779 1092 929 1159 presented
952 1092 986 1159 by
1007 1091 1052 1143 tlte
1074 1092 1164 1145 Athon
1191 1090 1252 1143 and
1279 1091 1405 1144 Convent
1426 1091 1461 1158 of

268 1175 415 1237 Tamna,
443 1176 469 1227 is
495 1174 641 1227 instituted
665 1176 746 1227 vicar
770 1176 806 1242 os
829 1172 1141 1227 Barrow-on-Humner.
1187 1173 1244 1225 The
1270 1174 1402 1240 vicarage
1431 1176 1455 1225 ts
1511 1210 1514 1215 -

264 1256 421 1323 desmbed]

286 1376 449 1439 VchRm
479 1390 529 1437 ne
557 1374 949 1437 Bnueua-Robertus
976 1373 1019 1436 de
1045 1374 1297 1455 Frothingham,
1322 1376 1454 1458 cappel-

199 1478 303 1555 lanus,
325 1488 536 1560 presentatus
559 1499 617 1560 per
639 1478 810 1541 Abbatem
834 1487 868 1541 et
891 1487 1093 1539 conventum
1116 1476 1159 1540 de
1183 1478 1387 1541 Thorneton’
1411 1477 1453 1540 ad

199 1593 393 1664 perpetuam
409 1584 565 1646 vicariam
581 1582 719 1646 ecclesie
734 1582 777 1646 de
793 1582 939 1657 Barewa,
955 1581 1043 1643 sacta
1058 1582 1148 1664 prius
1164 1582 1377 1663 inquisitione
1398 1602 1456 1664 per

200 1687 249 1762 R,
264 1685 548 1749 Archidiaconum
566 1674 821 1767 Lincolniesper
836 1705 946 1767 quarn,
962 1693 1033 1760 etc,
1048 1684 1091 1747 ad
1106 1684 1258 1761 eandem,
1271 1706 1329 1767 per
1344 1688 1453 1767 ipsum

199 1788 482 1852 Archidiaconum
526 1788 724 1865 ordinatam,
753 1789 920 1852 admissus
955 1798 1014 1864 est,
1046 1809 1121 1851 cum
1161 1809 1261 1852 onere
1297 1799 1332 1852 et
1369 1810 1456 1871 pena

198 1892 404 1970 vicariorum,
433 1903 494 1957 etc.
541 1894 587 1955 Et
617 1893 803 1974 injunctum
832 1902 884 1955 est
915 1891 1006 1955 dicto
1037 1891 1284 1955 Archidiacono
1314 1905 1360 1967 ut,
1391 1904 1453 1956 etc.

199 1995 368 2073 Consistit,
384 2007 506 2072 autern,
518 1997 591 2080 ipsa
600 1996 722 2060 vicaria
737 1996 770 2058 in
787 1986 943 2057 omnibus
959 1994 1215 2058 obventionibus
1232 1994 1353 2071 altaris,
1369 2007 1402 2058 et
1421 1997 1455 2058 in

196 2100 352 2162 omnibus
374 2098 523 2175 decimis,
543 2102 696 2182 exceptis
719 2099 857 2162 decimis
879 2098 1069 2179 garbarum,
1085 2097 1162 2174 seni,
1179 2097 1455 2175 molendinorum,

196 2213 231 2266 et
257 2203 395 2266 decimis
425 2205 501 2267 lane
530 2214 564 2267 et
594 2224 766 2285 agnorum,
792 2222 875 2284 quas
906 2202 1053 2265 decimas
1087 2203 1246 2283 percipiet
1274 2203 1391 2267 Abbas
1421 2213 1455 2267 et

198 2318 382 2369 conventus
404 2307 448 2370 de
467 2307 680 2370 Thorenton'.
726 2307 897 2381 Consistit,
913 2307 1024 2381 etiam,
1040 2306 1073 2367 in
1091 2327 1141 2367 xx
1158 2306 1272 2368 solidis
1287 2306 1454 2371 solvendis

196 2410 288 2473 dicto
309 2412 431 2474 vicario
447 2432 506 2493 per
521 2410 692 2474 Abbatem
712 2412 745 2473 in
765 2410 820 2473 die
836 2410 952 2475 Sancti
970 2410 1151 2472 Michaelis.
1199 2409 1325 2486 Abbas,
1344 2413 1455 2487 etiam,

198 2513 345 2576 inveniet
373 2514 483 2577 eidem
515 2535 669 2577 mansum
699 2523 958 2595 competentem,
987 2524 1021 2575 et
1051 2513 1216 2576 decimam
1248 2512 1314 2576 seni
1345 2514 1453 2577 eidem

196 2617 319 2681 habere
334 2616 433 2680 saciet
447 2616 491 2680 de
506 2618 611 2681 tribus
633 2617 746 2681 crostis
767 2618 811 2681 ad
831 2638 954 2698 equum
979 2638 1084 2680 suum.
1132 2617 1177 2680 Et
1197 2616 1384 2697 injunctum
1403 2627 1454 2680 est

195 2719 287 2782 dicto
303 2719 552 2783 Archidiacono
568 2732 614 2797 ut,
628 2732 689 2785 etc.

195 2904 309 2966 [Adam
332 2906 501 2967 subdeacon,
519 2907 669 2973 presented
688 2907 789 2973 hythe
813 2907 902 2958 Pn'or
920 2905 982 2958 and
1009 2907 1134 2959 Convent
1160 2909 1196 2975 of
1218 2908 1404 2975 Thurgarton,
1430 2909 1455 2959 is

260 2988 407 3040 instituted
415 2993 442 3040 to
454 2988 499 3040 tlte
510 2988 610 3041 churcle
623 2990 659 3057 os
671 2989 746 3040 West
754 2988 927 3057 Altington]

283 3106 719 3171 ADELINGTON'.—Adam
750 3107 792 3170 de
822 3107 959 3189 [blanel
989 3107 1222 3185 subdiaconus,
1245 3119 1454 3191 presentatus

195 3230 254 3291 per
281 3210 429 3273 Priorem
455 3221 490 3273 et
514 3223 715 3274 conventum
738 3211 781 3273 de
797 3211 1020 3292 Thurgarton’
1037 3212 1079 3274 ad
1104 3213 1278 3275 ecclesiam
1297 3212 1341 3275 de
1362 3212 1454 3275 Ade-

196 3314 343 3396 lington’,
359 3314 448 3378 lacta
469 3317 559 3396 prius
580 3315 795 3396 inquisitione
818 3336 877 3396 per
899 3316 948 3391 R,
968 3315 1251 3378 Archidiaconum
1273 3316 1455 3390 Lincolnie,

193 3426 229 3479 et
247 3420 388 3499 receptis
413 3418 529 3481 litteris
553 3418 681 3481 domini
707 3420 809 3500 Regis
825 3418 914 3500 quod
939 3418 1027 3480 idem
1052 3419 1153 3494 Prior,
1172 3421 1206 3481 in
1228 3420 1319 3481 curia
1341 3440 1452 3482 coram

190 3520 383 3600 justiciariis
396 3522 628 3584 itinerantibus
642 3523 731 3604 apud
747 3524 908 3598 Lennam,
921 3543 979 3604 per
990 3523 1289 3585 considerationem
1301 3522 1452 3604 ejusdem

194 3624 292 3699 curie,
315 3626 522 3706 recuperavit
542 3626 699 3688 saisinam
719 3646 814 3688 suam
830 3646 945 3689 versus
963 3625 1133 3689 Abbatem
1152 3625 1194 3689 de
1216 3626 1395 3688 Newboch'
1410 3625 1453 3689 de

192 3726 414 3790 advocatione
434 3728 477 3791 de
498 3729 725 3811 Adelington’,
745 3740 780 3792 et
802 3729 893 3810 quod
918 3730 1075 3792 Warinus
1097 3730 1140 3794 de
1164 3730 1399 3812 Bassingburn'
1419 3739 1452 3792 et

195 3827 354 3906 Albreda,
377 3850 464 3892 uxor
487 3831 568 3912 ejus,
583 3834 640 3914 qui
664 3834 697 3893 in
721 3831 839 3895 eadem
863 3834 954 3895 curia
976 3853 1087 3894 coram
1111 3832 1237 3895 eisdem
1263 3833 1452 3914 justiciariis

191 3934 404 4013 questionem
443 3946 617 3997 moverant
654 3935 697 3998 de
732 3935 852 3998 eadem
890 3935 1110 3998 advocatione
1139 3957 1252 3999 versus
1285 3936 1451 4019 predictos

195 4033 367 4099 Abbatem
383 4046 417 4100 et
434 4038 590 4115 Priorem,
608 4048 870 4120 recognoverunt
886 4038 1010 4101 ibidem
1030 4039 1283 4102 advocationem
1300 4039 1450 4122 ejusdem

191 4138 333 4202 ecclesie
348 4161 422 4203 esse
434 4140 489 4221 jus
505 4142 607 4224 ipsius
625 4144 753 4218 Prioris,
764 4152 798 4205 et
814 4143 905 4204 illam
922 4144 1127 4219 remiserunt,
1140 4153 1210 4219 etc,
1223 4144 1284 4225 ipsi
1298 4144 1401 4205 Priori
1417 4152 1451 4205 et

192 4243 438 4306 successoribus
454 4246 522 4306 suis
539 4246 795 4327 imperpetuum,
812 4266 958 4327 perque,
974 4256 1044 4320 etc,
1060 4246 1102 4309 ad
1123 4246 1265 4309 eandem
1285 4247 1450 4309 admissus

189 4353 253 4419 est,
269 4355 330 4408 etc.
378 4346 423 4409 Et
436 4346 622 4428 injunctum
638 4359 689 4411 est
704 4348 795 4411 dicto
811 4348 1059 4411 Archidiacono
1075 4361 1120 4425 ut,
1136 4361 1196 4414 etc.

190 4529 314 4597 [Gilbert
329 4531 363 4583 de
385 4532 412 4582 T
407 4532 493 4599 esorct,
512 4533 648 4600 chaplain,
663 4534 812 4600 presented
828 4533 862 4601 by
879 4534 981 4587 Robert
997 4537 1030 4587 de
1051 4536 1078 4586 T
1074 4536 1159 4602 eford,
1181 4538 1207 4588 ir
1225 4536 1370 4589 instituted
1387 4542 1413 4587 to
1431 4552 1449 4587 α

257 4612 374 4680 nudtety
381 4614 418 4681 os
423 4614 468 4666 tne
478 4614 578 4668 church
589 4616 625 4681 ef
631 4616 698 4684 Bag
707 4616 858 4685 Enderby]

279 4731 510 4816 [Mnomras]
527 4733 711 4798 Ecceesre
733 4749 783 4797 ne
802 4735 1241 4818 [Euo]auuv.-Gilbertus
1257 4738 1300 4800 de
1315 4738 1449 4813 Telord,

188 4836 394 4917 capellanus,
424 4848 633 4919 presentatus
671 4860 730 4920 per
769 4838 954 4901 Robertum
988 4838 1031 4902 de
1062 4838 1196 4916 Telord,
1225 4841 1374 4917 militem,
1405 4842 1447 4905 ad

192 4939 410 5002 medietatem
425 4940 563 5004 ecclesie
584 4940 627 5004 de
647 4941 809 5024 Enderby
824 4963 925 5024 quam
945 4943 1072 5025 [blank]
1092 4943 1210 5007 ultimo
1229 4947 1345 5022 tenuit,
1361 4946 1448 5011 lacta

191 5042 284 5123 prius
299 5042 513 5123 inquisitione
533 5064 594 5126 per
612 5044 661 5121 R,
676 5044 959 5109 Archidiaconum
983 5046 1164 5124 Lincolnie,
1179 5068 1363 5130 perquam,
1378 5060 1449 5128 etc,
