3550 5692
323 506 371 594 48
662 501 799 575 Rutuli
821 499 998 598 Hugone's
1023 499 1067 572 de
1102 498 1234 571 Welles

323 763 363 806 ea
387 741 545 804 canonice
570 761 711 823 persona
734 740 926 815 institutus;
956 739 1048 802 salva
1070 738 1169 803 dictis
1193 739 1341 814 Decano,
1364 736 1519 819 capitulo
1542 745 1576 798 et

323 844 565 908 successoribus
581 844 648 906 suis
659 841 702 906 de
717 842 834 906 eadem
851 842 965 906 debita
979 852 1014 905 et
1028 843 1167 923 antiqua
1182 841 1349 924 pensione.
1389 841 1434 904 Et
1449 839 1577 920 injunc-

323 958 395 1013 tum
412 957 464 1012 est
476 949 524 1024 R,
536 946 680 1012 Officiali
692 947 772 1010 dicti
785 945 1031 1021 Archidiaconi,
1043 955 1080 1008 ut
1091 945 1257 1028 prelatum
1271 944 1315 1008 H.
1326 945 1359 1006 in
1372 944 1575 1026 corporalem

323 1051 474 1133 ejusdem
490 1049 629 1115 ecclesie
643 1050 886 1133 possessionem
903 1049 1047 1112 inducat.

323 1302 425 1371 [Ne‘gel
439 1303 473 1355 de
488 1302 593 1366 Insula,
612 1302 720 1361 deacon,
732 1300 881 1368 presented
894 1301 927 1365 by
938 1301 983 1354 tlte
998 1299 1089 1353 Abbot
1101 1299 1163 1353 and
1178 1299 1305 1352 Convent
1319 1301 1356 1368 os
1371 1301 1398 1352 Τ
1394 1301 1503 1368 horeuy,
1519 1300 1580 1353 and

390 1386 490 1438 Robeet
497 1400 547 1438 scm
559 1385 596 1451 of
601 1385 631 1436 F
629 1385 678 1437 ulk
689 1385 724 1452 os
730 1383 927 1452 Notte'ngttam,
933 1383 1084 1450 presented
1091 1383 1125 1450 by
1135 1383 1181 1436 the
1189 1382 1255 1436 saed
1264 1383 1357 1451 Nigel,
1369 1398 1419 1436 are
1434 1383 1580 1436 instituted

389 1472 476 1520 rector
484 1466 545 1520 and
552 1466 633 1519 vicar
640 1467 677 1534 os
687 1465 789 1534 Yaxley
799 1465 996 1533 respectebely]

411 1568 768 1651 JAKESL'.-—Vacante
791 1567 931 1631 ecclesia
952 1567 996 1630 de
1017 1566 1141 1648 Jalresl'
1163 1587 1222 1650 per
1244 1568 1501 1650 resignationem
1530 1570 1577 1645 R,

326 1673 453 1735 Decani
471 1671 579 1748 Ebor',
598 1671 769 1753 quondam
790 1672 924 1733 rectoris
943 1669 1104 1752 ejusdem,
1119 1670 1299 1735 literatorie
1320 1670 1459 1734 domino
1480 1671 1576 1755 Epis-

324 1797 409 1858 copo
430 1776 551 1838 factam
568 1786 601 1838 et
618 1775 715 1839 abeo
731 1775 951 1857 approbatam
967 1784 1002 1837 et
1016 1784 1199 1856 acceptam,
1217 1774 1334 1837 Abbas
1349 1773 1518 1857 Thomye‚
1534 1776 1576 1839 ad

324 1900 424 1960 quem
455 1880 557 1961 ipsius
586 1879 724 1942 ecclesie
753 1879 898 1960 pertinet
927 1878 1111 1954 advocatio,
1135 1898 1331 1960 comparens
1357 1899 1433 1940 cum
1462 1879 1577 1943 litteris

325 1993 508 2046 conventus
528 1983 578 2044 sui
599 1983 642 2046 de
663 1993 735 2045 rato
755 2002 867 2044 coram
892 1981 983 2044 dicto
1004 1980 1142 2044 domino
1164 1981 1334 2064 Episcopo
1356 1982 1445 2064 apud
1470 1983 1576 2046 Vetus

325 2081 506 2169 Templum
523 2085 675 2148 London'
691 2095 760 2148 tam
777 2106 875 2168 super
894 2095 1073 2166 personatu
1088 2105 1189 2166 quam
1206 2105 1305 2166 super
1319 2087 1440 2149 vicaria
1456 2087 1489 2149 in
1506 2088 1577 2169 ipsa

324 2191 463 2254 ecclesia
482 2189 640 2253 taxandis
659 2199 693 2252 et
712 2189 924 2271 assignandis
943 2209 1004 2270 pro
1022 2209 1058 2251 se
1076 2198 1110 2251 et
1125 2198 1291 2251 conventu
1308 2209 1369 2252 suo
1384 2191 1577 2272 simpliciter

324 2305 358 2357 et
389 2292 540 2356 absolute
569 2293 649 2356 dicti
679 2292 807 2355 domini
838 2293 997 2374 Episcopi
1028 2313 1065 2354 se
1097 2291 1239 2373 subjecit
1267 2291 1490 2370 ordinationi3
1520 2295 1576 2376 qui

325 2397 461 2479 quidem
481 2396 646 2458 ordinavit
666 2406 702 2458 ut
722 2395 858 2458 clericus
875 2394 1098 2458 instituendus
1113 2395 1157 2459 ad
1177 2397 1459 2477 presentationem
1476 2398 1577 2480 ipsius

326 2499 471 2563 Abbatis
490 2509 524 2562 et
544 2510 727 2562 conventus
747 2519 890 2582 persona
909 2499 942 2560 in
962 2498 1081 2560 eadem
1101 2499 1272 2562 sexdecim
1298 2520 1427 2563 marcas
1451 2522 1577 2564 annuas

326 2604 494 2686 percipiet,
510 2602 645 2664 nomine
661 2603 838 2684 pensionis,
854 2622 913 2684 per
928 2622 1066 2664 manum
1078 2602 1199 2678 vicarii,
1211 2603 1266 2684 qui
1283 2613 1391 2666 totum
1411 2605 1577 2668 residuum

321 2706 412 2789 ,illius
424 2705 561 2768 ecclesie
573 2706 700 2768 tenebit
711 2705 822 2786 quoad
836 2705 973 2781 vixerit;
986 2705 1029 2768 de
1040 2705 1160 2786 quibus
1172 2705 1256 2768 duas
1268 2727 1396 2770 marcas
1408 2709 1579 2771 monachis

326 2808 505 2890 Thorneye
528 2809 693 2891 persolvet
714 2809 896 2872 annuatim.
932 2809 1083 2891 Nigellus
1099 2810 1142 2872 de
1160 2809 1273 2872 Insula
1288 2810 1395 2891 igitur,
1410 2810 1579 2888 diaconus,

327 2923 535 2995 presentatus
566 2933 625 2994 per
650 2911 776 2975 dictum
802 2912 973 2975 Abbatem
999 2934 1044 2976 ex
1069 2922 1163 2994 parte
1187 2932 1246 2974 sua
1270 2922 1305 2976 et
1328 2926 1512 2978 conventus
1536 2915 1577 2978 ad

228 3086 230 3090 ,
327 3016 454 3098 prefate
469 3015 606 3079 ecclesie
622 3025 836 3097 personatum
854 3014 1019 3078 admissus
1034 3026 1084 3078 est
1099 3025 1134 3078 et
1149 3015 1308 3078 canonice
1328 3003 1469 3098 persona
1488 3019 1579 3081 insti-

327 3129 438 3196 tutus;
459 3119 626 3194 Robertus
642 3129 753 3182 autem
778 3118 864 3180 filius
886 3118 915 3180 F
916 3119 1028 3183 ulkon’
1043 3118 1086 3181 de
1110 3119 1141 3181 N
1144 3118 1342 3201 ottingham,
1357 3121 1579 3202 cappellanus

327 3233 537 3306 presentatus
568 3243 626 3305 per
655 3223 782 3285 dictum
815 3222 984 3304 Nigellum
1016 3222 1058 3284 ad
1090 3231 1284 3304 perpetuam
1315 3223 1417 3305 ipsius
1443 3225 1580 3289 ecclesie

328 3327 494 3403 vicariam,
516 3326 607 3389 dicto
632 3325 769 3388 Abbate
792 3346 852 3408 pro
875 3347 911 3388 se
934 3336 967 3388 et
990 3334 1156 3388 conventu
1184 3347 1244 3388 suo
1267 3325 1311 3388 ad
1337 3326 1371 3388 id
1401 3327 1580 3392 adhibente

327 3451 526 3493 consensum
548 3429 713 3493 admissus
733 3440 785 3492 est
804 3441 838 3493 et
857 3430 892 3493 in
910 3450 950 3492 ea
966 3429 1106 3492 vicarius
1129 3439 1308 3511 perpetuus
1329 3431 1508 3508 institutus,
1524 3433 1579 3514 qui

328 3533 464 3614 quidem
496 3542 602 3596 totam
633 3534 806 3597 ecclesiam
838 3535 945 3616 ipsam
976 3553 1051 3595 cum
1083 3533 1290 3616 pertinentiis
1316 3534 1443 3598 tenebit
1469 3535 1579 3616 quoad

328 3636 457 3713 vixerit,
469 3636 639 3699 reddendo
655 3637 745 3700 dicto
759 3637 790 3698 N
794 3637 893 3718 igello
903 3646 937 3700 et
952 3637 1195 3699 successoribus
1204 3638 1271 3699 suis
1280 3636 1430 3717 ejusdem
1443 3638 1580 3702 ecclesie

328 3741 477 3822 personis
500 3739 670 3803 sexdecim
699 3761 835 3816 marcas,
858 3749 896 3804 ut
920 3740 1047 3803 dictum
1069 3751 1129 3817 est,
1151 3741 1287 3803 nomine
1314 3742 1489 3821 pensionis.
1535 3743 1581 3804 Et

329 3842 525 3905 mandatum
542 3852 593 3905 est
605 3842 854 3906 Archidiacono
868 3842 1126 3925 Huntingdonie
1141 3853 1178 3906 ut
1193 3843 1301 3906 dictos
1315 3843 1355 3906 N.
1367 3854 1402 3907 et
1418 3845 1457 3906 R.
1470 3844 1579 3907 induci

328 3945 428 4008 saciat
444 3947 477 4008 in
494 3947 699 4028 corporalem
716 3946 879 4010 dictarum
896 3947 1086 4031 portionum
1104 3947 1355 4028 possessionem.

329 4199 443 4265 [Robeet
455 4200 626 4260 Grosseteste,
636 4199 747 4261 descen,
759 4201 784 4252 is
794 4199 911 4252 collated
919 4204 946 4251 to
958 4199 1003 4252 the
1011 4199 1113 4252 church
1124 4199 1159 4266 of
1165 4199 1327 4267 Abbotsley]

417 4301 845 4384 ALBODESL'.-Magister
881 4302 1049 4364 Robertus
1082 4302 1300 4378 Grosseteste,
1330 4302 1500 4379 diaconus,
1528 4303 1580 4365 cui

328 4403 485 4466 dominus
509 4405 696 4487 Episcopus
718 4404 893 4470 ecclesiam
917 4404 960 4468 de
982 4405 1198 4487 Albodesleg'
1220 4407 1417 4472 auctoritate
1441 4405 1581 4469 contulit

43 4488 477 4590 relinquatur-concilii,
496 4508 529 4568 in
552 4506 671 4570 eadem
693 4529 834 4590 persona
852 4517 904 4570 est
925 4509 1104 4585 institutus,
1122 4509 1215 4572 salvo
1231 4508 1304 4589 jure
1322 4508 1581 4590 uniuscujusque

329 4609 362 4670 in
383 4620 552 4690 posterum
574 4612 630 4692 qui
656 4612 689 4672 in
710 4632 750 4674 ea
770 4612 905 4674 evicerit
920 4609 974 4691 jus
999 4622 1202 4693 patronatus
1249 4613 1296 4675 Et
1313 4612 1510 4677 mandatum
1528 4622 1581 4675 est

330 4712 577 4775 Archidiacono
595 4714 852 4796 Huntingdonie
867 4724 914 4790 ut,
925 4724 986 4779 etc.
1023 4714 1158 4778 'Actum
1175 4716 1264 4798 apud
1280 4715 1389 4778 Vetus
1401 4714 1579 4798 Templum

331 4815 437 4877 Lond'
453 4818 596 4898 septimo
617 4817 776 4880 kalendas
797 4818 886 4880 Maii.
932 4818 1120 4882 Vacaverat
1141 4828 1253 4883 autem
1274 4819 1412 4882 ecclesia
1432 4818 1581 4900 predicta

134 4959 185 5002 ,22
195 4938 224 4982 s.
330 4920 461 4980 anonis
479 4919 677 4984 Novembris
693 4941 781 4984 anno
798 4920 1010 5003 pontificatus
1026 4921 1153 4985 domini
1170 4923 1328 5004 Episcopi
1344 4944 1398 4985 xv.
