<?xml version="1.0" encoding="UTF-8"?>
<!DOCTYPE html PUBLIC "-//W3C//DTD XHTML 1.0 Transitional//EN"
    "http://www.w3.org/TR/xhtml1/DTD/xhtml1-transitional.dtd">
<html xmlns="http://www.w3.org/1999/xhtml" xml:lang="en" lang="en">
 <head>
  <title>
</title>
<meta http-equiv="Content-Type" content="text/html;charset=utf-8" />
  <meta name='ocr-system' content='tesseract 3.04.00' />
  <meta name='ocr-capabilities' content='ocr_page ocr_carea ocr_par ocr_line ocrx_word'/>
</head>
<body>
  <div class='ocr_page' id='page_1' title='image "./rotulihugonisde01davigoog_0228.png"; bbox 0 0 3550 5692; ppageno 0'>
   <div class='ocr_carea' id='block_1_1' title="bbox 628 587 1497 691">
    <p class='ocr_par' dir='ltr' id='par_1_1' title="bbox 628 587 1497 691">
     <span class='ocr_line' id='line_1_1' title="bbox 628 587 1497 691; baseline 0.003 -26"><span class='ocrx_word' id='word_1_1' title='bbox 628 587 806 691; x_wconf 79' lang='lat' dir='ltr'><em>Episcopi</em></span> <span class='ocrx_word' id='word_1_2' title='bbox 827 588 1111 667; x_wconf 78' lang='lat' dir='ltr'>Le‘ncolne&#39;ense&#39;s.</span> <span class='ocrx_word' id='word_1_3' title='bbox 1428 614 1497 687; x_wconf 89' lang='lat'>217</span> 
     </span>
    </p>
   </div>
   <div class='ocr_carea' id='block_1_2' title="bbox 243 822 1501 1214">
    <p class='ocr_par' dir='ltr' id='par_1_2' title="bbox 243 822 1501 1214">
     <span class='ocr_line' id='line_1_2' title="bbox 243 822 1500 910; baseline 0.005 -24"><span class='ocrx_word' id='word_1_4' title='bbox 243 822 332 887; x_wconf 89' lang='lat' dir='ltr'>facta</span> <span class='ocrx_word' id='word_1_5' title='bbox 347 825 438 907; x_wconf 87' lang='lat' dir='ltr'>prius</span> <span class='ocrx_word' id='word_1_6' title='bbox 454 824 667 907; x_wconf 88' lang='lat' dir='ltr'>inquisitione</span> <span class='ocrx_word' id='word_1_7' title='bbox 684 846 742 907; x_wconf 93' lang='lat' dir='ltr'>per</span> <span class='ocrx_word' id='word_1_8' title='bbox 759 826 807 902; x_wconf 86' lang='lat' dir='ltr'>R,</span> <span class='ocrx_word' id='word_1_9' title='bbox 820 826 1101 891; x_wconf 86' lang='lat' dir='ltr'>Archidiaconum</span> <span class='ocrx_word' id='word_1_10' title='bbox 1120 826 1301 903; x_wconf 87' lang='lat' dir='ltr'>Lincolnie,</span> <span class='ocrx_word' id='word_1_11' title='bbox 1315 849 1373 910; x_wconf 91' lang='lat' dir='ltr'>per</span> <span class='ocrx_word' id='word_1_12' title='bbox 1388 848 1500 910; x_wconf 92' lang='lat' dir='ltr'>quam,</span> 
     </span>
     <span class='ocr_line' id='line_1_3' title="bbox 243 926 1501 1011; baseline 0.005 -21"><span class='ocrx_word' id='word_1_13' title='bbox 243 938 313 1005; x_wconf 83' lang='lat' dir='ltr'>etc,</span> <span class='ocrx_word' id='word_1_14' title='bbox 340 926 383 992; x_wconf 90' lang='lat' dir='ltr'>ad</span> <span class='ocrx_word' id='word_1_15' title='bbox 410 928 551 993; x_wconf 88' lang='lat' dir='ltr'>eandem</span> <span class='ocrx_word' id='word_1_16' title='bbox 579 928 745 992; x_wconf 89' lang='lat' dir='ltr'>admissus</span> <span class='ocrx_word' id='word_1_17' title='bbox 771 940 830 1006; x_wconf 90' lang='lat' dir='ltr'>est,</span> <span class='ocrx_word' id='word_1_18' title='bbox 856 939 918 993; x_wconf 93' lang='lat' dir='ltr'>etc.</span> <span class='ocrx_word' id='word_1_19' title='bbox 971 929 1016 993; x_wconf 92' lang='lat' dir='ltr'>Et</span> <span class='ocrx_word' id='word_1_20' title='bbox 1041 928 1227 1011; x_wconf 85' lang='lat' dir='ltr'>injunctum</span> <span class='ocrx_word' id='word_1_21' title='bbox 1253 943 1304 995; x_wconf 89' lang='lat' dir='ltr'>est</span> <span class='ocrx_word' id='word_1_22' title='bbox 1329 930 1438 995; x_wconf 87' lang='lat' dir='ltr'>eidem</span> <span class='ocrx_word' id='word_1_23' title='bbox 1463 943 1501 996; x_wconf 91' lang='lat' dir='ltr'>ut</span> 
     </span>
     <span class='ocr_line' id='line_1_4' title="bbox 243 1031 1499 1115; baseline 0.004 -21"><span class='ocrx_word' id='word_1_24' title='bbox 243 1031 351 1095; x_wconf 86' lang='lat' dir='ltr'>scolas</span> <span class='ocrx_word' id='word_1_25' title='bbox 378 1032 565 1115; x_wconf 83' lang='lat' dir='ltr'>frequentet</span> <span class='ocrx_word' id='word_1_26' title='bbox 589 1043 623 1096; x_wconf 92' lang='lat' dir='ltr'>et</span> <span class='ocrx_word' id='word_1_27' title='bbox 647 1032 806 1097; x_wconf 81' lang='lat' dir='ltr'>addiscat</span> <span class='ocrx_word' id='word_1_28' title='bbox 868 1033 914 1095; x_wconf 91' lang='lat' dir='ltr'>Et</span> <span class='ocrx_word' id='word_1_29' title='bbox 941 1032 1137 1097; x_wconf 90' lang='lat' dir='ltr'>mandatum</span> <span class='ocrx_word' id='word_1_30' title='bbox 1164 1044 1217 1103; x_wconf 86' lang='lat' dir='ltr'>est</span> <span class='ocrx_word' id='word_1_31' title='bbox 1242 1034 1351 1098; x_wconf 89' lang='lat' dir='ltr'>eidem</span> <span class='ocrx_word' id='word_1_32' title='bbox 1380 1035 1499 1100; x_wconf 87' lang='lat' dir='ltr'>Archi·</span> 
     </span>
     <span class='ocr_line' id='line_1_5' title="bbox 243 1135 523 1214; baseline -0.004 -14"><span class='ocrx_word' id='word_1_33' title='bbox 243 1135 386 1200; x_wconf 89' lang='lat' dir='ltr'>diacono</span> <span class='ocrx_word' id='word_1_34' title='bbox 401 1146 447 1214; x_wconf 91' lang='lat' dir='ltr'>ut,</span> <span class='ocrx_word' id='word_1_35' title='bbox 462 1146 523 1200; x_wconf 91' lang='lat' dir='ltr'>etc.</span> 
     </span>
    </p>
   </div>
   <div class='ocr_carea' id='block_1_3' title="bbox 243 1330 1502 1487">
    <p class='ocr_par' dir='ltr' id='par_1_3' title="bbox 243 1330 1502 1487">
     <span class='ocr_line' id='line_1_6' title="bbox 243 1330 1502 1405; baseline 0.005 -21"><span class='ocrx_word' id='word_1_36' title='bbox 243 1330 378 1399; x_wconf 83' lang='lat' dir='ltr'><em>[Thomas</em></span> <span class='ocrx_word' id='word_1_37' title='bbox 386 1332 420 1385; x_wconf 82' lang='lat' dir='ltr'>de</span> <span class='ocrx_word' id='word_1_38' title='bbox 432 1332 573 1394; x_wconf 84' lang='lat' dir='ltr'>Karleten‚</span> <span class='ocrx_word' id='word_1_39' title='bbox 586 1332 725 1399; x_wconf 79' lang='lat' dir='ltr'>chaplain,</span> <span class='ocrx_word' id='word_1_40' title='bbox 736 1333 886 1400; x_wconf 78' lang='lat' dir='ltr'><em>presented</em></span> <span class='ocrx_word' id='word_1_41' title='bbox 899 1333 933 1401; x_wconf 81' lang='lat' dir='ltr'>by</span> <span class='ocrx_word' id='word_1_42' title='bbox 944 1332 1022 1386; x_wconf 86' lang='lat' dir='ltr'>Hace</span> <span class='ocrx_word' id='word_1_43' title='bbox 1032 1332 1066 1385; x_wconf 83' lang='lat' dir='ltr'>de</span> <span class='ocrx_word' id='word_1_44' title='bbox 1076 1333 1262 1401; x_wconf 78' lang='lat' dir='ltr'>Maubertoep,</span> <span class='ocrx_word' id='word_1_45' title='bbox 1275 1336 1353 1403; x_wconf 86' lang='lat' dir='ltr'>after</span> <span class='ocrx_word' id='word_1_46' title='bbox 1363 1353 1381 1389; x_wconf 88' lang='lat' dir='ltr'>a</span> <span class='ocrx_word' id='word_1_47' title='bbox 1393 1336 1502 1405; x_wconf 78' lang='lat' dir='ltr'>dispnte</span> 
     </span>
     <span class='ocr_line' id='line_1_7' title="bbox 305 1414 1434 1487; baseline 0.005 -21"><span class='ocrx_word' id='word_1_48' title='bbox 305 1414 389 1467; x_wconf 64' lang='lat' dir='ltr'>atem</span> <span class='ocrx_word' id='word_1_49' title='bbox 398 1414 443 1467; x_wconf 80' lang='lat' dir='ltr'>tire</span> <span class='ocrx_word' id='word_1_50' title='bbox 448 1417 615 1483; x_wconf 82' lang='lat' dir='ltr'>patroeroge,</span> <span class='ocrx_word' id='word_1_51' title='bbox 626 1416 652 1467; x_wconf 86' lang='lat' dir='ltr'>is</span> <span class='ocrx_word' id='word_1_52' title='bbox 662 1414 807 1467; x_wconf 78' lang='lat' dir='ltr'>instituted</span> <span class='ocrx_word' id='word_1_53' title='bbox 820 1419 848 1467; x_wconf 85' lang='lat' dir='ltr'>to</span> <span class='ocrx_word' id='word_1_54' title='bbox 858 1415 903 1467; x_wconf 79' lang='lat' dir='ltr'>tlte</span> <span class='ocrx_word' id='word_1_55' title='bbox 914 1414 1015 1469; x_wconf 63' lang='lat' dir='ltr'>cererin</span> <span class='ocrx_word' id='word_1_56' title='bbox 1026 1416 1061 1484; x_wconf 88' lang='lat' dir='ltr'>os</span> <span class='ocrx_word' id='word_1_57' title='bbox 1068 1416 1107 1469; x_wconf 88' lang='lat' dir='ltr'>St.</span> <span class='ocrx_word' id='word_1_58' title='bbox 1120 1416 1209 1481; x_wconf 88' lang='lat' dir='ltr'>Peter,</span> <span class='ocrx_word' id='word_1_59' title='bbox 1223 1417 1434 1487; x_wconf 69' lang='lat' dir='ltr'>Mabletieoepe]</span> 
     </span>
    </p>
   </div>
   <div class='ocr_carea' id='block_1_4' title="bbox 239 1537 1502 2977">
    <p class='ocr_par' dir='ltr' id='par_1_4' title="bbox 239 1537 1502 2977">
     <span class='ocr_line' id='line_1_8' title="bbox 330 1537 1500 1633; baseline 0.003 -19"><span class='ocrx_word' id='word_1_60' title='bbox 330 1548 488 1633; x_wconf 78' lang='lat' dir='ltr'>[Snucrr</span> <span class='ocrx_word' id='word_1_61' title='bbox 517 1551 632 1612; x_wconf 79' lang='lat' dir='ltr'>Purru</span> <span class='ocrx_word' id='word_1_62' title='bbox 656 1564 705 1612; x_wconf 79' lang='lat' dir='ltr'>uu</span> <span class='ocrx_word' id='word_1_63' title='bbox 736 1550 1229 1633; x_wconf 77' lang='lat' dir='ltr'>Mnuuunronr’.]-Thomas</span> <span class='ocrx_word' id='word_1_64' title='bbox 1252 1552 1294 1616; x_wconf 88' lang='lat' dir='ltr'>de</span> <span class='ocrx_word' id='word_1_65' title='bbox 1319 1537 1500 1631; x_wconf 83' lang='lat' dir='ltr'>Karteron&#39;,</span> 
     </span>
     <span class='ocr_line' id='line_1_9' title="bbox 243 1653 1499 1740; baseline 0.004 -24"><span class='ocrx_word' id='word_1_66' title='bbox 243 1654 443 1736; x_wconf 90' lang='lat' dir='ltr'>capellanus,</span> <span class='ocrx_word' id='word_1_67' title='bbox 459 1663 669 1736; x_wconf 86' lang='lat' dir='ltr'>presentatus</span> <span class='ocrx_word' id='word_1_68' title='bbox 685 1675 743 1736; x_wconf 92' lang='lat' dir='ltr'>per</span> <span class='ocrx_word' id='word_1_69' title='bbox 760 1653 936 1718; x_wconf 89' lang='lat' dir='ltr'>Haconem</span> <span class='ocrx_word' id='word_1_70' title='bbox 953 1654 995 1717; x_wconf 88' lang='lat' dir='ltr'>de</span> <span class='ocrx_word' id='word_1_71' title='bbox 1017 1655 1243 1740; x_wconf 90' lang='lat' dir='ltr'>Maubertorp&#39;</span> <span class='ocrx_word' id='word_1_72' title='bbox 1259 1656 1301 1719; x_wconf 93' lang='lat' dir='ltr'>ad</span> <span class='ocrx_word' id='word_1_73' title='bbox 1325 1656 1499 1721; x_wconf 91' lang='lat' dir='ltr'>ecclesiam</span> 
     </span>
     <span class='ocr_line' id='line_1_10' title="bbox 244 1757 1499 1841; baseline 0.002 -19"><span class='ocrx_word' id='word_1_74' title='bbox 244 1758 358 1823; x_wconf 86' lang='lat' dir='ltr'>Sancti</span> <span class='ocrx_word' id='word_1_75' title='bbox 377 1759 464 1821; x_wconf 91' lang='lat' dir='ltr'>Petri</span> <span class='ocrx_word' id='word_1_76' title='bbox 481 1757 523 1821; x_wconf 93' lang='lat' dir='ltr'>de</span> <span class='ocrx_word' id='word_1_77' title='bbox 541 1757 775 1840; x_wconf 90' lang='lat' dir='ltr'>Maubertorp’,</span> <span class='ocrx_word' id='word_1_78' title='bbox 792 1757 879 1821; x_wconf 86' lang='lat' dir='ltr'>facta</span> <span class='ocrx_word' id='word_1_79' title='bbox 904 1759 993 1840; x_wconf 90' lang='lat' dir='ltr'>prius</span> <span class='ocrx_word' id='word_1_80' title='bbox 1012 1759 1225 1841; x_wconf 88' lang='lat' dir='ltr'>inquisitione</span> <span class='ocrx_word' id='word_1_81' title='bbox 1242 1780 1301 1841; x_wconf 88' lang='lat' dir='ltr'>per</span> <span class='ocrx_word' id='word_1_82' title='bbox 1317 1761 1365 1836; x_wconf 82' lang='lat' dir='ltr'>R,</span> <span class='ocrx_word' id='word_1_83' title='bbox 1383 1760 1499 1824; x_wconf 89' lang='lat' dir='ltr'>Archi-</span> 
     </span>
     <span class='ocr_line' id='line_1_11' title="bbox 243 1861 1501 1945; baseline 0.002 -20"><span class='ocrx_word' id='word_1_84' title='bbox 243 1862 421 1925; x_wconf 90' lang='lat' dir='ltr'>diaconum</span> <span class='ocrx_word' id='word_1_85' title='bbox 445 1862 627 1938; x_wconf 92' lang='lat' dir='ltr'>Lincolnie,</span> <span class='ocrx_word' id='word_1_86' title='bbox 647 1871 682 1926; x_wconf 91' lang='lat' dir='ltr'>et</span> <span class='ocrx_word' id='word_1_87' title='bbox 697 1863 837 1944; x_wconf 88' lang='lat' dir='ltr'>receptis</span> <span class='ocrx_word' id='word_1_88' title='bbox 854 1862 972 1925; x_wconf 91' lang='lat' dir='ltr'>litteris</span> <span class='ocrx_word' id='word_1_89' title='bbox 988 1861 1116 1925; x_wconf 90' lang='lat' dir='ltr'>domini</span> <span class='ocrx_word' id='word_1_90' title='bbox 1134 1863 1237 1945; x_wconf 85' lang='lat' dir='ltr'>Regis</span> <span class='ocrx_word' id='word_1_91' title='bbox 1253 1865 1501 1928; x_wconf 90' lang='lat' dir='ltr'>continentibus</span> 
     </span>
     <span class='ocr_line' id='line_1_12' title="bbox 243 1965 1499 2051; baseline 0.002 -22"><span class='ocrx_word' id='word_1_92' title='bbox 243 1966 333 2048; x_wconf 93' lang='lat' dir='ltr'>quod</span> <span class='ocrx_word' id='word_1_93' title='bbox 359 1986 435 2044; x_wconf 87' lang='lat' dir='ltr'>cum</span> <span class='ocrx_word' id='word_1_94' title='bbox 469 1966 567 2029; x_wconf 89' lang='lat' dir='ltr'>Haco</span> <span class='ocrx_word' id='word_1_95' title='bbox 592 1965 634 2030; x_wconf 92' lang='lat' dir='ltr'>de</span> <span class='ocrx_word' id='word_1_96' title='bbox 666 1965 892 2047; x_wconf 90' lang='lat' dir='ltr'>Maubertorp’</span> <span class='ocrx_word' id='word_1_97' title='bbox 918 1965 951 2028; x_wconf 95' lang='lat' dir='ltr'>in</span> <span class='ocrx_word' id='word_1_98' title='bbox 978 1966 1069 2027; x_wconf 90' lang='lat' dir='ltr'>curia</span> <span class='ocrx_word' id='word_1_99' title='bbox 1099 1966 1226 2029; x_wconf 91' lang='lat' dir='ltr'>domini</span> <span class='ocrx_word' id='word_1_100' title='bbox 1259 1968 1362 2051; x_wconf 78' lang='lat' dir='ltr'>Regis</span> <span class='ocrx_word' id='word_1_101' title='bbox 1387 1990 1499 2032; x_wconf 91' lang='lat' dir='ltr'>coram</span> 
     </span>
     <span class='ocr_line' id='line_1_13' title="bbox 240 2067 1498 2151; baseline 0.004 -20"><span class='ocrx_word' id='word_1_102' title='bbox 240 2067 429 2150; x_wconf 85' lang='lat' dir='ltr'>justiciariis</span> <span class='ocrx_word' id='word_1_103' title='bbox 452 2071 520 2133; x_wconf 92' lang='lat' dir='ltr'>suis</span> <span class='ocrx_word' id='word_1_104' title='bbox 544 2071 775 2133; x_wconf 87' lang='lat' dir='ltr'>itinerantibus</span> <span class='ocrx_word' id='word_1_105' title='bbox 798 2069 888 2151; x_wconf 88' lang='lat' dir='ltr'>apud</span> <span class='ocrx_word' id='word_1_106' title='bbox 915 2069 1123 2132; x_wconf 89' lang='lat' dir='ltr'>Lincolniam</span> <span class='ocrx_word' id='word_1_107' title='bbox 1148 2071 1341 2135; x_wconf 91' lang='lat' dir='ltr'>arainiasset</span> <span class='ocrx_word' id='word_1_108' title='bbox 1359 2074 1498 2137; x_wconf 88' lang='lat' dir='ltr'>assisam</span> 
     </span>
     <span class='ocr_line' id='line_1_14' title="bbox 241 2172 1502 2256; baseline 0.005 -22"><span class='ocrx_word' id='word_1_109' title='bbox 241 2172 358 2237; x_wconf 92' lang='lat' dir='ltr'>ultime</span> <span class='ocrx_word' id='word_1_110' title='bbox 382 2175 640 2255; x_wconf 90' lang='lat' dir='ltr'>presentationis</span> <span class='ocrx_word' id='word_1_111' title='bbox 663 2196 776 2237; x_wconf 88' lang='lat' dir='ltr'>versus</span> <span class='ocrx_word' id='word_1_112' title='bbox 800 2175 971 2256; x_wconf 86' lang='lat' dir='ltr'>Rogerum</span> <span class='ocrx_word' id='word_1_113' title='bbox 992 2172 1035 2237; x_wconf 92' lang='lat' dir='ltr'>de</span> <span class='ocrx_word' id='word_1_114' title='bbox 1060 2174 1178 2237; x_wconf 88' lang='lat' dir='ltr'>Monte</span> <span class='ocrx_word' id='word_1_115' title='bbox 1199 2174 1282 2237; x_wconf 85' lang='lat' dir='ltr'>Alto</span> <span class='ocrx_word' id='word_1_116' title='bbox 1301 2176 1502 2241; x_wconf 89' lang='lat' dir='ltr'>deecclesia</span> 
     </span>
     <span class='ocr_line' id='line_1_15' title="bbox 241 2276 1500 2362; baseline 0.001 -21"><span class='ocrx_word' id='word_1_117' title='bbox 241 2276 356 2341; x_wconf 89' lang='lat' dir='ltr'>Sancti</span> <span class='ocrx_word' id='word_1_118' title='bbox 381 2278 470 2341; x_wconf 91' lang='lat' dir='ltr'>Petri</span> <span class='ocrx_word' id='word_1_119' title='bbox 491 2278 535 2342; x_wconf 89' lang='lat' dir='ltr'>de</span> <span class='ocrx_word' id='word_1_120' title='bbox 559 2278 794 2360; x_wconf 90' lang='lat' dir='ltr'>Maubertorp&#39;,</span> <span class='ocrx_word' id='word_1_121' title='bbox 818 2298 883 2360; x_wconf 96' lang='lat' dir='ltr'>que</span> <span class='ocrx_word' id='word_1_122' title='bbox 910 2277 1060 2354; x_wconf 91' lang='lat' dir='ltr'>vacabat,</span> <span class='ocrx_word' id='word_1_123' title='bbox 1082 2288 1116 2341; x_wconf 90' lang='lat' dir='ltr'>et</span> <span class='ocrx_word' id='word_1_124' title='bbox 1136 2277 1178 2341; x_wconf 92' lang='lat' dir='ltr'>ad</span> <span class='ocrx_word' id='word_1_125' title='bbox 1204 2299 1299 2341; x_wconf 89' lang='lat' dir='ltr'>suam</span> <span class='ocrx_word' id='word_1_126' title='bbox 1324 2280 1500 2362; x_wconf 88' lang='lat' dir='ltr'>spectabat</span> 
     </span>
     <span class='ocr_line' id='line_1_16' title="bbox 239 2380 1500 2464; baseline 0.002 -20"><span class='ocrx_word' id='word_1_127' title='bbox 239 2380 466 2458; x_wconf 88' lang='lat' dir='ltr'>donationem,</span> <span class='ocrx_word' id='word_1_128' title='bbox 489 2391 526 2444; x_wconf 88' lang='lat' dir='ltr'>ut</span> <span class='ocrx_word' id='word_1_129' title='bbox 549 2382 690 2458; x_wconf 85' lang='lat' dir='ltr'>dicebat,</span> <span class='ocrx_word' id='word_1_130' title='bbox 711 2381 799 2445; x_wconf 88' lang='lat' dir='ltr'>idem</span> <span class='ocrx_word' id='word_1_131' title='bbox 825 2381 977 2464; x_wconf 87' lang='lat' dir='ltr'>Rogerus</span> <span class='ocrx_word' id='word_1_132' title='bbox 993 2382 1085 2445; x_wconf 93' lang='lat' dir='ltr'>venit</span> <span class='ocrx_word' id='word_1_133' title='bbox 1101 2382 1133 2443; x_wconf 92' lang='lat' dir='ltr'>in</span> <span class='ocrx_word' id='word_1_134' title='bbox 1150 2382 1267 2446; x_wconf 90' lang='lat' dir='ltr'>eadem</span> <span class='ocrx_word' id='word_1_135' title='bbox 1284 2384 1374 2447; x_wconf 91' lang='lat' dir='ltr'>curia</span> <span class='ocrx_word' id='word_1_136' title='bbox 1390 2403 1450 2446; x_wconf 89' lang='lat' dir='ltr'>sua</span> <span class='ocrx_word' id='word_1_137' title='bbox 1465 2392 1500 2447; x_wconf 93' lang='lat' dir='ltr'>et</span> 
     </span>
     <span class='ocr_line' id='line_1_17' title="bbox 240 2485 1497 2569; baseline 0.001 -19"><span class='ocrx_word' id='word_1_138' title='bbox 240 2486 367 2550; x_wconf 88' lang='lat' dir='ltr'>remisit</span> <span class='ocrx_word' id='word_1_139' title='bbox 385 2497 419 2550; x_wconf 90' lang='lat' dir='ltr'>et</span> <span class='ocrx_word' id='word_1_140' title='bbox 439 2488 589 2569; x_wconf 92' lang='lat' dir='ltr'>quietum</span> <span class='ocrx_word' id='word_1_141' title='bbox 609 2487 767 2550; x_wconf 89' lang='lat' dir='ltr'>clamavit</span> <span class='ocrx_word' id='word_1_142' title='bbox 787 2486 830 2549; x_wconf 91' lang='lat' dir='ltr'>de</span> <span class='ocrx_word' id='word_1_143' title='bbox 850 2507 886 2549; x_wconf 93' lang='lat' dir='ltr'>se</span> <span class='ocrx_word' id='word_1_144' title='bbox 905 2495 938 2549; x_wconf 91' lang='lat' dir='ltr'>et</span> <span class='ocrx_word' id='word_1_145' title='bbox 960 2485 1137 2549; x_wconf 88' lang='lat' dir='ltr'>heredibus</span> <span class='ocrx_word' id='word_1_146' title='bbox 1153 2488 1220 2549; x_wconf 91' lang='lat' dir='ltr'>suis</span> <span class='ocrx_word' id='word_1_147' title='bbox 1236 2487 1344 2551; x_wconf 88' lang='lat' dir='ltr'>eidem</span> <span class='ocrx_word' id='word_1_148' title='bbox 1363 2488 1497 2551; x_wconf 88' lang='lat' dir='ltr'>Haconi</span> 
     </span>
     <span class='ocr_line' id='line_1_18' title="bbox 242 2589 1500 2673; baseline 0.003 -21"><span class='ocrx_word' id='word_1_149' title='bbox 242 2598 351 2653; x_wconf 91' lang='lat' dir='ltr'>totum</span> <span class='ocrx_word' id='word_1_150' title='bbox 372 2590 426 2673; x_wconf 85' lang='lat' dir='ltr'>jus</span> <span class='ocrx_word' id='word_1_151' title='bbox 447 2601 482 2654; x_wconf 89' lang='lat' dir='ltr'>et</span> <span class='ocrx_word' id='word_1_152' title='bbox 500 2591 657 2654; x_wconf 90' lang='lat' dir='ltr'>clamium</span> <span class='ocrx_word' id='word_1_153' title='bbox 674 2590 764 2672; x_wconf 92' lang='lat' dir='ltr'>quod</span> <span class='ocrx_word' id='word_1_154' title='bbox 781 2589 898 2653; x_wconf 90' lang='lat' dir='ltr'>habuit</span> <span class='ocrx_word' id='word_1_155' title='bbox 914 2591 946 2653; x_wconf 92' lang='lat' dir='ltr'>in</span> <span class='ocrx_word' id='word_1_156' title='bbox 963 2591 1183 2653; x_wconf 87' lang='lat' dir='ltr'>advocatione</span> <span class='ocrx_word' id='word_1_157' title='bbox 1200 2592 1346 2670; x_wconf 89' lang='lat' dir='ltr'>predicte</span> <span class='ocrx_word' id='word_1_158' title='bbox 1362 2591 1500 2656; x_wconf 91' lang='lat' dir='ltr'>ecclesie</span> 
     </span>
     <span class='ocr_line' id='line_1_19' title="bbox 240 2693 1497 2779; baseline 0.001 -23"><span class='ocrx_word' id='word_1_159' title='bbox 240 2694 496 2777; x_wconf 88' lang='lat' dir='ltr'>imperpetuum,</span> <span class='ocrx_word' id='word_1_160' title='bbox 513 2715 572 2779; x_wconf 91' lang='lat' dir='ltr'>per</span> <span class='ocrx_word' id='word_1_161' title='bbox 586 2715 660 2775; x_wconf 91' lang='lat' dir='ltr'>que,</span> <span class='ocrx_word' id='word_1_162' title='bbox 672 2705 743 2770; x_wconf 79' lang='lat' dir='ltr'>etc,</span> <span class='ocrx_word' id='word_1_163' title='bbox 759 2694 801 2757; x_wconf 90' lang='lat' dir='ltr'>ad</span> <span class='ocrx_word' id='word_1_164' title='bbox 819 2694 961 2758; x_wconf 88' lang='lat' dir='ltr'>eandem</span> <span class='ocrx_word' id='word_1_165' title='bbox 978 2693 1153 2757; x_wconf 88' lang='lat' dir='ltr'>ecclesiam</span> <span class='ocrx_word' id='word_1_166' title='bbox 1171 2694 1336 2758; x_wconf 90' lang='lat' dir='ltr'>admissus</span> <span class='ocrx_word' id='word_1_167' title='bbox 1352 2706 1411 2771; x_wconf 90' lang='lat' dir='ltr'>est,</span> <span class='ocrx_word' id='word_1_168' title='bbox 1421 2716 1497 2757; x_wconf 88' lang='lat' dir='ltr'>cum</span> 
     </span>
     <span class='ocr_line' id='line_1_20' title="bbox 239 2797 1499 2880; baseline 0.001 -21"><span class='ocrx_word' id='word_1_169' title='bbox 239 2818 340 2861; x_wconf 89' lang='lat' dir='ltr'>onere</span> <span class='ocrx_word' id='word_1_170' title='bbox 356 2797 565 2861; x_wconf 91' lang='lat' dir='ltr'>ministrandi</span> <span class='ocrx_word' id='word_1_171' title='bbox 586 2797 804 2880; x_wconf 90' lang='lat' dir='ltr'>personaliter</span> <span class='ocrx_word' id='word_1_172' title='bbox 820 2798 853 2861; x_wconf 95' lang='lat' dir='ltr'>in</span> <span class='ocrx_word' id='word_1_173' title='bbox 870 2797 998 2861; x_wconf 89' lang='lat' dir='ltr'>eadem.</span> <span class='ocrx_word' id='word_1_174' title='bbox 1046 2797 1091 2861; x_wconf 92' lang='lat' dir='ltr'>Et</span> <span class='ocrx_word' id='word_1_175' title='bbox 1115 2798 1311 2862; x_wconf 91' lang='lat' dir='ltr'>mandatum</span> <span class='ocrx_word' id='word_1_176' title='bbox 1335 2807 1386 2862; x_wconf 89' lang='lat' dir='ltr'>est</span> <span class='ocrx_word' id='word_1_177' title='bbox 1408 2798 1499 2861; x_wconf 93' lang='lat' dir='ltr'>dicto</span> 
     </span>
     <span class='ocr_line' id='line_1_21' title="bbox 240 2899 626 2977; baseline 0 -14"><span class='ocrx_word' id='word_1_178' title='bbox 240 2899 488 2964; x_wconf 90' lang='lat' dir='ltr'>Archidiacono</span> <span class='ocrx_word' id='word_1_179' title='bbox 504 2911 550 2977; x_wconf 92' lang='lat' dir='ltr'>ut,</span> <span class='ocrx_word' id='word_1_180' title='bbox 565 2911 626 2964; x_wconf 90' lang='lat' dir='ltr'>etc.</span> 
     </span>
    </p>
   </div>
   <div class='ocr_carea' id='block_1_5' title="bbox 238 3086 1503 3238">
    <p class='ocr_par' dir='ltr' id='par_1_5' title="bbox 238 3086 1503 3238">
     <span class='ocr_line' id='line_1_22' title="bbox 238 3086 1503 3156; baseline -0.001 -16"><span class='ocrx_word' id='word_1_181' title='bbox 238 3087 302 3151; x_wconf 87' lang='lat' dir='ltr'>[lvo</span> <span class='ocrx_word' id='word_1_182' title='bbox 318 3088 353 3139; x_wconf 85' lang='lat' dir='ltr'>de</span> <span class='ocrx_word' id='word_1_183' title='bbox 376 3086 545 3155; x_wconf 79' lang='lat' dir='ltr'>Tlredelterp,</span> <span class='ocrx_word' id='word_1_184' title='bbox 567 3087 705 3154; x_wconf 71' lang='lat' dir='ltr'>cleoplain</span> <span class='ocrx_word' id='word_1_185' title='bbox 721 3088 870 3155; x_wconf 78' lang='lat' dir='ltr'>presented</span> <span class='ocrx_word' id='word_1_186' title='bbox 890 3088 923 3155; x_wconf 82' lang='lat' dir='ltr'>by</span> <span class='ocrx_word' id='word_1_187' title='bbox 940 3088 984 3141; x_wconf 78' lang='lat' dir='ltr'>the</span> <span class='ocrx_word' id='word_1_188' title='bbox 1001 3089 1114 3151; x_wconf 83' lang='lat' dir='ltr'>Master,</span> <span class='ocrx_word' id='word_1_189' title='bbox 1135 3088 1267 3150; x_wconf 82' lang='lat' dir='ltr'>Prioress,</span> <span class='ocrx_word' id='word_1_190' title='bbox 1290 3087 1352 3140; x_wconf 86' lang='lat' dir='ltr'>and</span> <span class='ocrx_word' id='word_1_191' title='bbox 1366 3087 1451 3139; x_wconf 88' lang='lat' dir='ltr'>Nnns</span> <span class='ocrx_word' id='word_1_192' title='bbox 1467 3088 1503 3156; x_wconf 85' lang='lat' dir='ltr'>os</span> 
     </span>
     <span class='ocr_line' id='line_1_23' title="bbox 303 3168 1498 3238; baseline -0.002 -16"><span class='ocrx_word' id='word_1_193' title='bbox 303 3169 343 3222; x_wconf 86' lang='lat' dir='ltr'>St.</span> <span class='ocrx_word' id='word_1_194' title='bbox 366 3169 457 3237; x_wconf 69' lang='lat' dir='ltr'>Many,</span> <span class='ocrx_word' id='word_1_195' title='bbox 479 3168 651 3237; x_wconf 73' lang='lat' dir='ltr'>Legionem,</span> <span class='ocrx_word' id='word_1_196' title='bbox 669 3169 694 3220; x_wconf 75' lang='lat' dir='ltr'>is</span> <span class='ocrx_word' id='word_1_197' title='bbox 715 3169 861 3221; x_wconf 79' lang='lat' dir='ltr'>instituted</span> <span class='ocrx_word' id='word_1_198' title='bbox 877 3171 958 3222; x_wconf 83' lang='lat' dir='ltr'>vicar</span> <span class='ocrx_word' id='word_1_199' title='bbox 973 3170 1008 3238; x_wconf 86' lang='lat' dir='ltr'>os</span> <span class='ocrx_word' id='word_1_200' title='bbox 1024 3170 1211 3237; x_wconf 79' lang='lat' dir='ltr'>Fartsthorpe.</span> <span class='ocrx_word' id='word_1_201' title='bbox 1250 3168 1307 3221; x_wconf 81' lang='lat' dir='ltr'>The</span> <span class='ocrx_word' id='word_1_202' title='bbox 1320 3168 1453 3237; x_wconf 84' lang='lat' dir='ltr'>vicarage</span> <span class='ocrx_word' id='word_1_203' title='bbox 1473 3170 1498 3221; x_wconf 84' lang='lat' dir='ltr'>is</span> 
     </span>
    </p>
   </div>
   <div class='ocr_carea' id='block_1_6' title="bbox 302 3250 457 3319">
    <p class='ocr_par' dir='ltr' id='par_1_6' title="bbox 302 3250 457 3319">
     <span class='ocr_line' id='line_1_24' title="bbox 302 3250 457 3319; baseline -0.006 -16"><span class='ocrx_word' id='word_1_204' title='bbox 302 3250 457 3319; x_wconf 66' lang='lat' dir='ltr'>alisontia]</span> 
     </span>
    </p>
   </div>
   <div class='ocr_carea' id='block_1_7' title="bbox 236 3385 1499 4292">
    <p class='ocr_par' dir='ltr' id='par_1_7' title="bbox 236 3385 1499 4292">
     <span class='ocr_line' id='line_1_25' title="bbox 326 3385 1497 3471; baseline -0.002 -22"><span class='ocrx_word' id='word_1_205' title='bbox 326 3385 346 3468; x_wconf 93' lang='lat'>[.</span> <span class='ocrx_word' id='word_1_206' title='bbox 367 3436 374 3450; x_wconf 93' lang='lat'>.</span> <span class='ocrx_word' id='word_1_207' title='bbox 398 3436 405 3449; x_wconf 91' lang='lat'><strong>.</strong></span> <span class='ocrx_word' id='word_1_208' title='bbox 429 3386 715 3469; x_wconf 83' lang='lat' dir='ltr'>ELTORP&#39;.]—Ivo</span> <span class='ocrx_word' id='word_1_209' title='bbox 745 3387 787 3451; x_wconf 92' lang='lat' dir='ltr'>de</span> <span class='ocrx_word' id='word_1_210' title='bbox 818 3387 1034 3471; x_wconf 85' lang='lat' dir='ltr'>Thedeltorp,</span> <span class='ocrx_word' id='word_1_211' title='bbox 1062 3387 1263 3469; x_wconf 87' lang='lat' dir='ltr'>capellanus,</span> <span class='ocrx_word' id='word_1_212' title='bbox 1287 3395 1497 3469; x_wconf 86' lang='lat' dir='ltr'>presentatus</span> 
     </span>
     <span class='ocr_line' id='line_1_26' title="bbox 239 3489 1498 3575; baseline 0.001 -22"><span class='ocrx_word' id='word_1_213' title='bbox 239 3512 298 3574; x_wconf 93' lang='lat' dir='ltr'>per</span> <span class='ocrx_word' id='word_1_214' title='bbox 322 3491 531 3575; x_wconf 86' lang='lat' dir='ltr'>Magistrum,</span> <span class='ocrx_word' id='word_1_215' title='bbox 555 3492 749 3554; x_wconf 90' lang='lat' dir='ltr'>Priorissam</span> <span class='ocrx_word' id='word_1_216' title='bbox 766 3501 800 3555; x_wconf 90' lang='lat' dir='ltr'>et</span> <span class='ocrx_word' id='word_1_217' title='bbox 817 3492 982 3555; x_wconf 89' lang='lat' dir='ltr'>moniales</span> <span class='ocrx_word' id='word_1_218' title='bbox 999 3491 1102 3555; x_wconf 87' lang='lat' dir='ltr'>Beate</span> <span class='ocrx_word' id='word_1_219' title='bbox 1119 3491 1226 3554; x_wconf 89' lang='lat' dir='ltr'>Marie</span> <span class='ocrx_word' id='word_1_220' title='bbox 1241 3490 1283 3554; x_wconf 88' lang='lat' dir='ltr'>de</span> <span class='ocrx_word' id='word_1_221' title='bbox 1301 3489 1498 3554; x_wconf 87' lang='lat' dir='ltr'>Lekeburne</span> 
     </span>
     <span class='ocr_line' id='line_1_27' title="bbox 237 3592 1499 3677; baseline -0.002 -20"><span class='ocrx_word' id='word_1_222' title='bbox 237 3592 281 3657; x_wconf 90' lang='lat' dir='ltr'>ad</span> <span class='ocrx_word' id='word_1_223' title='bbox 297 3594 454 3658; x_wconf 90' lang='lat' dir='ltr'>vicariam</span> <span class='ocrx_word' id='word_1_224' title='bbox 469 3594 612 3658; x_wconf 89' lang='lat' dir='ltr'>ecclesie</span> <span class='ocrx_word' id='word_1_225' title='bbox 627 3594 670 3658; x_wconf 88' lang='lat' dir='ltr'>de</span> <span class='ocrx_word' id='word_1_226' title='bbox 694 3644 700 3657; x_wconf 94' lang='lat'>.</span> <span class='ocrx_word' id='word_1_227' title='bbox 725 3644 732 3657; x_wconf 90' lang='lat'><em>.</em></span> <span class='ocrx_word' id='word_1_228' title='bbox 756 3644 763 3657; x_wconf 92' lang='lat'><strong>.</strong></span> <span class='ocrx_word' id='word_1_229' title='bbox 786 3594 904 3677; x_wconf 87' lang='lat' dir='ltr'>eltorp,</span> <span class='ocrx_word' id='word_1_230' title='bbox 921 3594 1009 3658; x_wconf 86' lang='lat' dir='ltr'>facta</span> <span class='ocrx_word' id='word_1_231' title='bbox 1024 3595 1115 3676; x_wconf 92' lang='lat' dir='ltr'>prius</span> <span class='ocrx_word' id='word_1_232' title='bbox 1131 3594 1344 3675; x_wconf 90' lang='lat' dir='ltr'>inquisitione</span> <span class='ocrx_word' id='word_1_233' title='bbox 1367 3614 1426 3675; x_wconf 91' lang='lat' dir='ltr'>per</span> <span class='ocrx_word' id='word_1_234' title='bbox 1449 3593 1499 3671; x_wconf 80' lang='lat' dir='ltr'>R,</span> 
     </span>
     <span class='ocr_line' id='line_1_28' title="bbox 240 3695 1499 3779; baseline -0.001 -18"><span class='ocrx_word' id='word_1_235' title='bbox 240 3696 524 3761; x_wconf 91' lang='lat' dir='ltr'>Archidiaconum</span> <span class='ocrx_word' id='word_1_236' title='bbox 552 3696 736 3773; x_wconf 92' lang='lat' dir='ltr'>Lincolnie,</span> <span class='ocrx_word' id='word_1_237' title='bbox 759 3718 944 3779; x_wconf 87' lang='lat' dir='ltr'>perquam,</span> <span class='ocrx_word' id='word_1_238' title='bbox 959 3708 1030 3774; x_wconf 81' lang='lat' dir='ltr'>etc,</span> <span class='ocrx_word' id='word_1_239' title='bbox 1045 3697 1088 3760; x_wconf 93' lang='lat' dir='ltr'>ad</span> <span class='ocrx_word' id='word_1_240' title='bbox 1107 3697 1250 3760; x_wconf 88' lang='lat' dir='ltr'>eandem</span> <span class='ocrx_word' id='word_1_241' title='bbox 1266 3695 1432 3760; x_wconf 89' lang='lat' dir='ltr'>admissus</span> <span class='ocrx_word' id='word_1_242' title='bbox 1447 3708 1499 3760; x_wconf 92' lang='lat' dir='ltr'>est</span> 
     </span>
     <span class='ocr_line' id='line_1_29' title="bbox 239 3800 1498 3884; baseline 0 -19"><span class='ocrx_word' id='word_1_243' title='bbox 239 3822 314 3865; x_wconf 92' lang='lat' dir='ltr'>cum</span> <span class='ocrx_word' id='word_1_244' title='bbox 331 3822 431 3864; x_wconf 89' lang='lat' dir='ltr'>onere</span> <span class='ocrx_word' id='word_1_245' title='bbox 446 3812 480 3865; x_wconf 93' lang='lat' dir='ltr'>et</span> <span class='ocrx_word' id='word_1_246' title='bbox 497 3821 583 3884; x_wconf 89' lang='lat' dir='ltr'>pena</span> <span class='ocrx_word' id='word_1_247' title='bbox 595 3801 801 3864; x_wconf 89' lang='lat' dir='ltr'>vicariorum.</span> <span class='ocrx_word' id='word_1_248' title='bbox 848 3800 1019 3877; x_wconf 89' lang='lat' dir='ltr'>Consistit,</span> <span class='ocrx_word' id='word_1_249' title='bbox 1029 3809 1151 3877; x_wconf 88' lang='lat' dir='ltr'>autem,</span> <span class='ocrx_word' id='word_1_250' title='bbox 1161 3800 1234 3883; x_wconf 89' lang='lat' dir='ltr'>ipsa</span> <span class='ocrx_word' id='word_1_251' title='bbox 1246 3800 1367 3864; x_wconf 88' lang='lat' dir='ltr'>vicaria</span> <span class='ocrx_word' id='word_1_252' title='bbox 1379 3801 1412 3863; x_wconf 93' lang='lat' dir='ltr'>in</span> <span class='ocrx_word' id='word_1_253' title='bbox 1425 3810 1498 3865; x_wconf 92' lang='lat' dir='ltr'>toto</span> 
     </span>
     <span class='ocr_line' id='line_1_30' title="bbox 238 3903 1497 3988; baseline 0 -20"><span class='ocrx_word' id='word_1_254' title='bbox 238 3905 408 3988; x_wconf 86' lang='lat' dir='ltr'>alteragi0,</span> <span class='ocrx_word' id='word_1_255' title='bbox 424 3915 457 3969; x_wconf 89' lang='lat' dir='ltr'>et</span> <span class='ocrx_word' id='word_1_256' title='bbox 474 3906 506 3967; x_wconf 94' lang='lat' dir='ltr'>in</span> <span class='ocrx_word' id='word_1_257' title='bbox 528 3915 600 3968; x_wconf 90' lang='lat' dir='ltr'>tota</span> <span class='ocrx_word' id='word_1_258' title='bbox 619 3915 706 3969; x_wconf 92' lang='lat' dir='ltr'>terra</span> <span class='ocrx_word' id='word_1_259' title='bbox 722 3906 910 3987; x_wconf 89' lang='lat' dir='ltr'>pertinente</span> <span class='ocrx_word' id='word_1_260' title='bbox 925 3903 967 3968; x_wconf 90' lang='lat' dir='ltr'>ad</span> <span class='ocrx_word' id='word_1_261' title='bbox 989 3905 1095 3987; x_wconf 87' lang='lat' dir='ltr'>ipsam</span> <span class='ocrx_word' id='word_1_262' title='bbox 1111 3904 1296 3982; x_wconf 90' lang='lat' dir='ltr'>ecclesiam,</span> <span class='ocrx_word' id='word_1_263' title='bbox 1311 3913 1346 3968; x_wconf 92' lang='lat' dir='ltr'>et</span> <span class='ocrx_word' id='word_1_264' title='bbox 1362 3905 1395 3967; x_wconf 92' lang='lat' dir='ltr'>in</span> <span class='ocrx_word' id='word_1_265' title='bbox 1411 3904 1497 3969; x_wconf 82' lang='lat' dir='ltr'>tofto</span> 
     </span>
     <span class='ocr_line' id='line_1_31' title="bbox 236 4006 1497 4091; baseline 0.001 -20"><span class='ocrx_word' id='word_1_266' title='bbox 236 4007 400 4084; x_wconf 90' lang='lat' dir='ltr'>edificato,</span> <span class='ocrx_word' id='word_1_267' title='bbox 415 4017 449 4071; x_wconf 88' lang='lat' dir='ltr'>et</span> <span class='ocrx_word' id='word_1_268' title='bbox 477 4007 510 4070; x_wconf 96' lang='lat' dir='ltr'>in</span> <span class='ocrx_word' id='word_1_269' title='bbox 536 4006 717 4072; x_wconf 90' lang='lat' dir='ltr'>medietate</span> <span class='ocrx_word' id='word_1_270' title='bbox 739 4008 944 4072; x_wconf 91' lang='lat' dir='ltr'>decimarum</span> <span class='ocrx_word' id='word_1_271' title='bbox 969 4008 1119 4071; x_wconf 83' lang='lat' dir='ltr'>fenorum</span> <span class='ocrx_word' id='word_1_272' title='bbox 1143 4007 1185 4071; x_wconf 94' lang='lat' dir='ltr'>de</span> <span class='ocrx_word' id='word_1_273' title='bbox 1208 4006 1377 4071; x_wconf 89' lang='lat' dir='ltr'>dominico</span> <span class='ocrx_word' id='word_1_274' title='bbox 1400 4017 1497 4091; x_wconf 91' lang='lat' dir='ltr'>prato</span> 
     </span>
     <span class='ocr_line' id='line_1_32' title="bbox 237 4110 1496 4176; baseline 0.002 -3"><span class='ocrx_word' id='word_1_275' title='bbox 237 4111 396 4175; x_wconf 91' lang='lat' dir='ltr'>Willelmi</span> <span class='ocrx_word' id='word_1_276' title='bbox 416 4110 459 4175; x_wconf 88' lang='lat' dir='ltr'>de</span> <span class='ocrx_word' id='word_1_277' title='bbox 484 4111 549 4176; x_wconf 91' lang='lat' dir='ltr'>Far</span> <span class='ocrx_word' id='word_1_278' title='bbox 572 4162 703 4175; x_wconf 93' lang='grc'><strong>.....</strong></span> <span class='ocrx_word' id='word_1_279' title='bbox 750 4112 796 4175; x_wconf 89' lang='lat' dir='ltr'>Et</span> <span class='ocrx_word' id='word_1_280' title='bbox 819 4112 1016 4175; x_wconf 88' lang='lat' dir='ltr'>mandatum</span> <span class='ocrx_word' id='word_1_281' title='bbox 1039 4122 1091 4175; x_wconf 91' lang='lat' dir='ltr'>est</span> <span class='ocrx_word' id='word_1_282' title='bbox 1114 4110 1233 4176; x_wconf 49' lang='lat' dir='ltr'>eidem¹</span> <span class='ocrx_word' id='word_1_283' title='bbox 1248 4110 1496 4176; x_wconf 88' lang='lat' dir='ltr'>Archidiacono</span> 
     </span>
     <span class='ocr_line' id='line_1_33' title="bbox 236 4223 361 4292; baseline 0.016 -15"><span class='ocrx_word' id='word_1_284' title='bbox 236 4223 282 4292; x_wconf 92' lang='lat' dir='ltr'>ut,</span> <span class='ocrx_word' id='word_1_285' title='bbox 300 4225 361 4279; x_wconf 89' lang='lat' dir='ltr'>etc.</span> 
     </span>
    </p>
   </div>
   <div class='ocr_carea' id='block_1_8' title="bbox 237 4400 1496 4554">
    <p class='ocr_par' dir='ltr' id='par_1_8' title="bbox 237 4400 1496 4554">
     <span class='ocr_line' id='line_1_34' title="bbox 237 4400 1496 4552; baseline 0.005 -100"><span class='ocrx_word' id='word_1_286' title='bbox 237 4400 379 4535; x_wconf 62' lang='lat' dir='ltr'>[Wllhiqm</span> <span class='ocrx_word' id='word_1_287' title='bbox 385 4400 556 4552; x_wconf 49' lang='lat' dir='ltr'>pesligern&#39;,</span> <span class='ocrx_word' id='word_1_288' title='bbox 569 4402 708 4470; x_wconf 72' lang='lat' dir='ltr'>chaploin</span> <span class='ocrx_word' id='word_1_289' title='bbox 715 4403 865 4471; x_wconf 76' lang='lat' dir='ltr'>presented</span> <span class='ocrx_word' id='word_1_290' title='bbox 878 4404 912 4472; x_wconf 84' lang='lat' dir='ltr'>by</span> <span class='ocrx_word' id='word_1_291' title='bbox 927 4403 1053 4456; x_wconf 79' lang='lat' dir='ltr'>Wlliam</span> <span class='ocrx_word' id='word_1_292' title='bbox 1070 4403 1104 4456; x_wconf 83' lang='lat' dir='ltr'>de</span> <span class='ocrx_word' id='word_1_293' title='bbox 1119 4403 1211 4463; x_wconf 90' lang='lat' dir='ltr'>Welle,</span> <span class='ocrx_word' id='word_1_294' title='bbox 1223 4404 1249 4455; x_wconf 90' lang='lat' dir='ltr'>is</span> <span class='ocrx_word' id='word_1_295' title='bbox 1259 4404 1404 4457; x_wconf 82' lang='lat' dir='ltr'>instituted</span> <span class='ocrx_word' id='word_1_296' title='bbox 1412 4408 1439 4457; x_wconf 88' lang='lat' dir='ltr'>to</span> <span class='ocrx_word' id='word_1_297' title='bbox 1450 4404 1496 4458; x_wconf 80' lang='lat' dir='ltr'>tlte</span> 
     </span>
     <span class='ocr_line' id='line_1_35' title="bbox 300 4485 545 4554; baseline 0.004 -18"><span class='ocrx_word' id='word_1_298' title='bbox 300 4498 316 4536; x_wconf 91' lang='lat' dir='ltr'>c</span> <span class='ocrx_word' id='word_1_299' title='bbox 346 4487 385 4551; x_wconf 90' lang='lat' dir='ltr'>pe</span> <span class='ocrx_word' id='word_1_300' title='bbox 408 4500 424 4536; x_wconf 88' lang='lat' dir='ltr'>o</span> <span class='ocrx_word' id='word_1_301' title='bbox 489 4485 545 4554; x_wconf 84' lang='lat' dir='ltr'>ett]</span> 
     </span>
    </p>
   </div>
   <div class='ocr_carea' id='block_1_9' title="bbox 232 4618 1495 5111">
    <p class='ocr_par' dir='ltr' id='par_1_9' title="bbox 232 4618 1495 5111">
     <span class='ocr_line' id='line_1_36' title="bbox 325 4618 1495 4706; baseline 0.003 -25"><span class='ocrx_word' id='word_1_302' title='bbox 325 4618 711 4685; x_wconf 80' lang='lat' dir='ltr'>WELLE.—Willelmus</span> <span class='ocrx_word' id='word_1_303' title='bbox 738 4622 781 4686; x_wconf 90' lang='lat' dir='ltr'>de</span> <span class='ocrx_word' id='word_1_304' title='bbox 807 4621 953 4705; x_wconf 87' lang='lat' dir='ltr'>Wyern&#39;,</span> <span class='ocrx_word' id='word_1_305' title='bbox 975 4621 1177 4704; x_wconf 66' lang='lat' dir='ltr'>capellanus</span> <span class='ocrx_word' id='word_1_306' title='bbox 1199 4631 1409 4706; x_wconf 89' lang='lat' dir='ltr'>presentatus</span> <span class='ocrx_word' id='word_1_307' title='bbox 1435 4642 1495 4706; x_wconf 92' lang='lat' dir='ltr'>per</span> 
     </span>
     <span class='ocr_line' id='line_1_37' title="bbox 238 4720 1493 4807; baseline 0.003 -23"><span class='ocrx_word' id='word_1_308' title='bbox 238 4720 445 4786; x_wconf 88' lang='lat' dir='ltr'>Willelmum</span> <span class='ocrx_word' id='word_1_309' title='bbox 462 4722 505 4786; x_wconf 89' lang='lat' dir='ltr'>de</span> <span class='ocrx_word' id='word_1_310' title='bbox 521 4722 629 4788; x_wconf 91' lang='lat' dir='ltr'>Welle</span> <span class='ocrx_word' id='word_1_311' title='bbox 645 4725 687 4789; x_wconf 90' lang='lat' dir='ltr'>ad</span> <span class='ocrx_word' id='word_1_312' title='bbox 704 4724 866 4807; x_wconf 89' lang='lat' dir='ltr'>capellam</span> <span class='ocrx_word' id='word_1_313' title='bbox 879 4725 921 4788; x_wconf 91' lang='lat' dir='ltr'>de</span> <span class='ocrx_word' id='word_1_314' title='bbox 937 4724 1054 4801; x_wconf 91' lang='lat' dir='ltr'>Welle,</span> <span class='ocrx_word' id='word_1_315' title='bbox 1070 4724 1158 4788; x_wconf 86' lang='lat' dir='ltr'>facta</span> <span class='ocrx_word' id='word_1_316' title='bbox 1174 4725 1263 4807; x_wconf 92' lang='lat' dir='ltr'>prius</span> <span class='ocrx_word' id='word_1_317' title='bbox 1280 4724 1493 4805; x_wconf 91' lang='lat' dir='ltr'>inquisitione</span> 
     </span>
     <span class='ocr_line' id='line_1_38' title="bbox 237 4826 1491 4911; baseline 0.002 -22"><span class='ocrx_word' id='word_1_318' title='bbox 237 4846 296 4908; x_wconf 90' lang='lat' dir='ltr'>per</span> <span class='ocrx_word' id='word_1_319' title='bbox 327 4827 376 4903; x_wconf 95' lang='lat' dir='ltr'>R.,</span> <span class='ocrx_word' id='word_1_320' title='bbox 407 4827 692 4892; x_wconf 89' lang='lat' dir='ltr'>Archidiaconum</span> <span class='ocrx_word' id='word_1_321' title='bbox 732 4828 914 4906; x_wconf 91' lang='lat' dir='ltr'>Lincolnie,</span> <span class='ocrx_word' id='word_1_322' title='bbox 948 4850 1007 4911; x_wconf 89' lang='lat' dir='ltr'>per</span> <span class='ocrx_word' id='word_1_323' title='bbox 1035 4848 1146 4910; x_wconf 92' lang='lat' dir='ltr'>quam,</span> <span class='ocrx_word' id='word_1_324' title='bbox 1177 4838 1247 4904; x_wconf 88' lang='lat' dir='ltr'>etc,</span> <span class='ocrx_word' id='word_1_325' title='bbox 1277 4826 1320 4890; x_wconf 90' lang='lat' dir='ltr'>ad</span> <span class='ocrx_word' id='word_1_326' title='bbox 1350 4826 1491 4891; x_wconf 91' lang='lat' dir='ltr'>eandem</span> 
     </span>
     <span class='ocr_line' id='line_1_39' title="bbox 235 4929 1492 5015; baseline 0.001 -22"><span class='ocrx_word' id='word_1_327' title='bbox 235 4929 402 4993; x_wconf 88' lang='lat' dir='ltr'>admissus</span> <span class='ocrx_word' id='word_1_328' title='bbox 425 4940 485 5006; x_wconf 88' lang='lat' dir='ltr'>est,</span> <span class='ocrx_word' id='word_1_329' title='bbox 507 4953 583 4995; x_wconf 92' lang='lat' dir='ltr'>cum</span> <span class='ocrx_word' id='word_1_330' title='bbox 605 4952 705 4995; x_wconf 89' lang='lat' dir='ltr'>onere</span> <span class='ocrx_word' id='word_1_331' title='bbox 729 4943 764 4996; x_wconf 89' lang='lat' dir='ltr'>et</span> <span class='ocrx_word' id='word_1_332' title='bbox 788 4953 875 5015; x_wconf 91' lang='lat' dir='ltr'>pena</span> <span class='ocrx_word' id='word_1_333' title='bbox 899 4932 1104 4995; x_wconf 89' lang='lat' dir='ltr'>vicariorum.</span> <span class='ocrx_word' id='word_1_334' title='bbox 1152 4930 1198 4995; x_wconf 89' lang='lat' dir='ltr'>Et</span> <span class='ocrx_word' id='word_1_335' title='bbox 1221 4930 1417 4994; x_wconf 89' lang='lat' dir='ltr'>mandatum</span> <span class='ocrx_word' id='word_1_336' title='bbox 1440 4939 1492 4994; x_wconf 91' lang='lat' dir='ltr'>est</span> 
     </span>
     <span class='ocr_line' id='line_1_40' title="bbox 232 5032 845 5111; baseline 0.003 -14"><span class='ocrx_word' id='word_1_337' title='bbox 232 5032 342 5097; x_wconf 87' lang='lat' dir='ltr'>eidem</span> <span class='ocrx_word' id='word_1_338' title='bbox 363 5033 609 5098; x_wconf 88' lang='lat' dir='ltr'>Archidiacono</span> <span class='ocrx_word' id='word_1_339' title='bbox 628 5044 674 5111; x_wconf 87' lang='lat' dir='ltr'>ut,</span> <span class='ocrx_word' id='word_1_340' title='bbox 688 5036 749 5099; x_wconf 82' lang='lat' dir='ltr'>et&#39;c.</span> <span class='ocrx_word' id='word_1_341' title='bbox 841 5054 845 5061; x_wconf 83' lang='lat'><strong><em>‘</em></strong></span> 
     </span>
    </p>
   </div>
   <div class='ocr_carea' id='block_1_10' title="bbox 0 0 1780 5692">
    <p class='ocr_par' dir='ltr' id='par_1_10' title="bbox 0 0 1780 5692">
     <span class='ocr_line' id='line_1_41' title="bbox 0 0 1780 5692; baseline 0 3"><span class='ocrx_word' id='word_1_342' title='bbox 0 0 1780 5692; x_wconf 95' lang='lat' dir='ltr'> </span> 
     </span>
    </p>
   </div>
  </div>
 </body>
</html>
