3550 5692
346 571 414 659 146
680 564 816 639 Rotuli
838 564 1016 662 Hugonz's
1041 566 1085 639 de
1120 566 1252 640 Welles

341 814 412 882 etc,
427 803 470 867 ad
486 802 628 869 eandem
643 803 811 867 admissus
825 814 886 881 est,
901 814 935 867 et
951 804 984 869 in
994 824 1035 869 ea
1044 824 1120 867 cum
1133 824 1233 868 onere
1245 814 1279 868 et
1292 824 1378 887 pena
1389 804 1595 881 vicariorum,

341 917 401 983 etc
448 902 609 971 Consistit
630 916 743 971 autem
764 904 856 971 dicta
874 907 997 971 vicaria
1017 908 1051 970 in
1071 916 1145 971 toto
1160 906 1321 989 alteragio
1344 906 1431 969 illius
1457 906 1596 971 ecclesie

341 1032 416 1073 cum
434 1030 551 1073 manso
563 1010 767 1093 competenti
780 1032 787 1087 ;
802 1020 836 1074 et
852 1010 959 1075 solvet
970 1011 1111 1074 vicarius
1128 1010 1148 1092 ij
1163 1008 1288 1073 solidos
1300 1030 1429 1073 annuos
1439 1010 1596 1092 predictis

342 1114 445 1177 Priori
461 1123 496 1177 et
511 1115 691 1177 conventui
707 1114 750 1177 de
766 1114 898 1191 Buttel’,
914 1115 970 1196 qui
991 1115 1105 1178 omnia
1124 1134 1226 1178 onera
1246 1113 1333 1178 illius
1353 1114 1491 1177 ecclesie
1511 1116 1596 1196 epis·

342 1217 472 1299 copalia
508 1228 542 1281 et
579 1217 871 1296 archidiakonalia,
901 1219 1068 1282 ordinaria
1105 1227 1139 1282 et
1178 1217 1452 1294 extraordinaria,
1487 1227 1597 1300 preter

340 1320 505 1383 sinodalia
532 1331 664 1384 tantum
690 1341 755 1403 que
775 1322 916 1384 vicarius
935 1322 1051 1398 solvet,
1066 1322 1286 1385 sustinebunt.
1333 1322 1379 1384 Et
1397 1320 1595 1385 mandatum

340 1434 391 1487 est
406 1425 497 1488 dicto
513 1424 762 1489 Archidiacono
776 1435 814 1488 ut
829 1424 957 1489 dictum
975 1425 1202 1502 Lambertum,
1218 1435 1278 1489 etc.

338 1586 849 1679 [Hmueocuteorpzcnapzaen]
857 1611 1595 1681 presentettytnePrtoressandNunsofStainfield,

404 1693 430 1744 is
439 1692 585 1745 instituted
592 1694 717 1761 vicarof
727 1692 968 1761 Waddingweeth.
1006 1693 1062 1747 The
1073 1694 1205 1762 vicarage
1215 1694 1240 1746 is
1250 1693 1408 1761 described]

426 1828 619 1914 [VICARIA]
648 1841 699 1890 DE
733 1827 1243 1891 WAD1NGWORD’.—Henricus
1279 1826 1321 1890 de
1356 1828 1596 1910 Bischothorp’‚

339 1931 562 2015 cappellanus,
575 1941 784 2015 presentatus
801 1952 859 2014 per
875 1932 1069 1994 Priorissam
1085 1941 1119 1995 et
1135 1930 1296 1995 moniales
1311 1930 1354 1995 de
1367 1931 1540 1996 Steinfeld'
1554 1933 1596 1995 ad

341 2046 535 2118 perpetuam
556 2036 711 2097 vicariam
735 2034 873 2097 ecclesie
896 2034 939 2097 de
955 2034 1227 2117 Wadingworth',
1242 2036 1430 2099 ordinatam
1454 2037 1597 2099 auctori-

340 2148 409 2202 tate
425 2138 565 2203 Concilii
582 2159 640 2219 per
657 2139 842 2202 Dominum
860 2138 1075 2221 Episcopum,
1092 2139 1179 2202 facta
1195 2140 1285 2221 prius
1305 2139 1519 2221 inquisitione
1539 2160 1598 2221 per
1671 2204 1677 2218 ,

240 2292 247 2304 ,
342 2243 390 2318 R,
407 2241 689 2308 Archidiaconum
707 2241 889 2319 Lineolnie,
911 2262 969 2324 per
988 2262 1099 2324 quam,
1117 2252 1187 2319 etc,
1203 2242 1245 2305 ad
1267 2241 1409 2306 eandem
1430 2242 1598 2306 admissus

339 2355 398 2421 est,
424 2354 458 2408 et
483 2346 516 2407 in
541 2366 589 2420 ea,
614 2365 691 2408 cum
716 2364 816 2408 onere
845 2355 880 2408 et
910 2365 997 2426 pena
1021 2346 1227 2423 vicariorum,
1251 2346 1391 2409 vicarius
1415 2356 1598 2428 perpetuus

340 2449 519 2511 institutus
566 2448 727 2512 Consistit
752 2458 864 2511 autem
892 2447 1010 2511 eadem
1036 2449 1157 2512 vicaria
1182 2450 1214 2512 in
1240 2459 1312 2513 toto
1339 2449 1499 2531 alteragio
1519 2470 1596 2512 cum

340 2562 426 2615 terra
455 2562 489 2616 et
519 2551 674 2614 domibus
708 2551 751 2614 ad
788 2551 930 2615 eandem
966 2551 1139 2615 ecclesiam
1176 2552 1426 2635 pertinentibus,
1456 2562 1489 2616 et
1525 2554 1598 2636 ipse

341 2654 503 2717 moniales
519 2655 744 2737 procurabunt
759 2654 942 2737 hospitium
961 2655 1210 2719 Archidiacono
1229 2666 1264 2719 et
1282 2665 1392 2719 cetera
1407 2676 1509 2719 onera
1525 2666 1595 2719 tam

339 2757 505 2820 ordinaria
531 2778 632 2839 quam
663 2758 930 2822 extraordinaria
960 2759 1179 2823 sustinebunt.
1241 2760 1286 2822 Et
1317 2758 1513 2822 mandatum
1544 2769 1596 2823 est

338 2860 429 2925 dicto
447 2862 693 2925 Archidiacono
709 2872 755 2939 ut,
770 2873 831 2925 etc.

338 3047 480 3116 [Wlltizm
492 3048 526 3100 de
537 3048 667 3111 Lenden’,
680 3049 787 3111 demon,
795 3049 944 3117 presented
959 3048 992 3113 tr
1003 3049 1049 3102 the
1059 3049 1170 3102 illuster
1178 3050 1214 3117 of
1227 3049 1272 3102 the
1285 3050 1420 3118 Orderos
1432 3050 1595 3117 Sempn'ng-

402 3129 610 3279 {2235th
624 3130 712 3184 Peior
727 3130 788 3183 and
805 3131 931 3185 Convent
943 3132 979 3199 of
993 3131 1115 3199 Oenrsby.
1135 3132 1160 3183 is
1180 3131 1327 3184 instituted
1340 3136 1367 3182 to
1384 3130 1429 3183 tlte
1445 3130 1545 3183 chevet
1565 3131 1598 3197 os

427 3344 866 3409 LUDBURG'.-Willelmus
886 3346 930 3410 de
947 3346 1108 3423 London’,
1123 3346 1293 3424 diaconus,
1312 3357 1521 3430 presentatus
1538 3368 1595 3429 per

340 3448 539 3530 Magistrum
563 3449 699 3514 Ordinis
724 3449 766 3514 de
788 3449 1039 3531 Sempingham'
1055 3460 1089 3513 et
1106 3451 1251 3512 Priorem
1276 3460 1310 3513 et
1330 3460 1532 3514 conventum
1554 3450 1595 3513 de

340 3550 508 3634 Ormesby
524 3552 566 3615 ad
584 3553 757 3616 ecclesiam
774 3554 816 3617 de
834 3554 1013 3635 Ludburg',
1029 3574 1104 3616 cum
1121 3554 1235 3617 omnia
1250 3564 1361 3617 essent
1377 3554 1409 3617 in
1426 3553 1593 3636 expedito,

339 3654 381 3717 ad
397 3654 539 3719 eandem
559 3656 724 3720 admissus
743 3667 803 3733 est,
818 3667 852 3720 et
872 3658 906 3719 in
929 3678 969 3721 ea
988 3658 1147 3720 canonice
1166 3677 1307 3740 persona
1325 3658 1503 3720 institutus
1549 3657 1594 3719 Et

339 3759 536 3823 mandatum
553 3770 604 3823 est
620 3760 869 3824 Archidiacono
887 3761 1069 3839 Lineolnie,
1084 3770 1145 3825 etc

335 3959 478 4030 [William
489 3961 523 4014 de
539 3962 670 4029 Tylebroc,
683 3962 821 4029 duplatis,
829 3962 978 4031 presented
987 3963 1020 4031 by
1030 3962 1075 4015 the
1086 3962 1173 4017 Peter
1181 3962 1242 4015 and
1253 3964 1378 4017 L'onvent
1386 3964 1422 4031 of
1437 3962 1591 4023 Castleacre.

402 4043 427 4093 is
438 4042 584 4095 instituted
592 4048 620 4095 te
630 4043 676 4097 tlte
687 4043 788 4097 ceant
799 4044 835 4110 of
840 4044 926 4097 Flcet.
959 4044 986 4095 A
993 4046 1108 4111 portion
1119 4045 1144 4097 is
1154 4043 1283 4098 reseeved
1291 4050 1318 4097 to
1328 4044 1373 4097 the
1387 4044 1530 4112 Convent]

427 4177 799 4243 FLETA.—Willelmus
815 4180 858 4243 de
874 4180 1050 4264 Tylebroc,
1065 4182 1290 4265 cappellanus
1309 4190 1517 4265 presentatus
1537 4200 1594 4263 per

340 4279 486 4343 Priorem
502 4293 536 4345 et
552 4293 755 4345 conventum
771 4283 814 4348 de
831 4283 965 4348 Castell’
982 4284 1071 4348 Aere
1087 4284 1129 4347 ad
1146 4284 1319 4348 ecclesiam
1336 4284 1378 4348 de
1390 4285 1493 4361 Flete,
1503 4283 1594 4347 salva

338 4383 386 4445 eis
399 4386 552 4466 portione
568 4406 669 4467 quam
685 4386 729 4450 de
744 4388 959 4451 concessione
974 4398 1008 4451 et
1021 4387 1274 4451 confirmatione
1286 4388 1423 4451 Domini
1435 4387 1593 4469 Episcopi

338 4496 373 4550 et
388 4486 535 4568 Capituli
553 4489 729 4554 Lineolnie
750 4491 905 4573 optinent
924 4491 959 4553 in
984 4491 1103 4555 eadem
1131 4492 1311 4573 parrochia,
1329 4491 1417 4555 facta
1438 4492 1528 4573 prius
1546 4492 1593 4554 in·

338 4588 516 4669 quisitione
547 4612 606 4673 per
636 4593 685 4669 R,
716 4592 1001 4657 Archidiaconum
1028 4594 1217 4676 Lineolnie,
1236 4615 1295 4677 per
1317 4614 1428 4676 quam,
1454 4603 1525 4669 etc,
1552 4593 1592 4656 ad

339 4690 482 4755 eandem
498 4692 663 4757 admissus
678 4706 739 4774 est,
750 4705 785 4759 et
797 4696 831 4759 in
846 4716 887 4759 ea
903 4716 978 4759 cum
995 4717 1094 4777 onere
1104 4707 1138 4760 et
1150 4716 1236 4779 pena
1246 4698 1441 4760 vicariorum
1453 4716 1593 4778 persona

338 4796 498 4859 canonice
521 4797 702 4862 institutus
759 4798 953 4879 Injunctum
972 4809 1025 4863 est
1048 4799 1167 4877 eidem,
1192 4800 1255 4862 sub
1277 4800 1392 4863 debito
1414 4799 1592 4881 juramenti

339 4899 476 4978 prestiti,
499 4909 537 4963 ut
555 4911 718 4981 quantum
741 4902 776 4965 in
800 4922 842 4965 eo
867 4912 919 4966 est
945 4913 1166 4985 revocetque
1189 4902 1392 4967 deecclesia
1411 4901 1499 4967 male
1517 4912 1592 4965 sunt

338 4999 491 5080 alienata
536 5003 584 5067 Et
599 5005 796 5070 mandatum
811 5016 864 5070 est
879 5005 972 5071 dicto
988 5006 1243 5085 ArchidiaconO,
1255 5018 1318 5071 etc
