3550 5692
534 641 539 660 Ι
568 541 743 637 Episcopi
778 540 1067 615 Lincolmensis.
1381 566 1447 635 143

189 781 233 844 de
263 800 428 843 consensu
460 779 605 861 partium
630 778 904 860 presentantium,
932 778 1095 854 videlicet,
1119 788 1153 841 et
1184 787 1448 861 presentatorum

191 884 358 967 predictas
383 883 467 946 duas
491 883 606 945 tertias
637 881 787 964 predicto
814 882 979 963 Magistro
1004 882 1136 944 Thome
1167 882 1364 945 auctoritate
1390 901 1450 943 sua

189 988 341 1063 contulit,
364 988 540 1069 ipsumque
562 987 722 1049 canonice
747 1006 924 1068 personam
949 986 1092 1048 instituit
1115 986 1149 1048 in
1172 985 1306 1048 eisdem.
1354 984 1448 1048 Idem

190 1111 267 1154 vero
289 1091 452 1173 Magister
474 1090 654 1165 institutus,
674 1099 802 1172 sponte,
823 1088 1025 1171 simpliciter,
1040 1098 1074 1151 et
1097 1087 1249 1151 absolute
1273 1087 1361 1150 bona
1384 1087 1449 1151 fide
1522 1114 1524 1119 ·

190 1194 344 1275 promisit
366 1214 402 1256 se
424 1192 580 1256 daturum
603 1193 646 1256 de
669 1214 801 1256 camera
828 1192 978 1275 predicto
1001 1192 1209 1269 Alexandro
1231 1192 1357 1268 cleric0,
1381 1188 1450 1255 xxti

189 1296 315 1359 solidos
346 1317 475 1359 annuos
505 1298 538 1359 in
569 1296 654 1359 festo
680 1296 795 1361 Sancti
822 1297 1005 1372 Michaelis,
1030 1296 1136 1359 donec
1167 1296 1212 1359 illi
1243 1296 1277 1358 in
1308 1295 1449 1358 uberiori

192 1399 353 1463 beneficio
376 1401 545 1483 provisum
568 1401 665 1463 fuerit
687 1422 746 1483 per
766 1401 912 1463 Priorem
936 1400 1174 1482 supradictum.
1222 1400 1357 1475 Actum,
1377 1420 1449 1481 pre-

189 1503 341 1567 sentibus
364 1504 426 1579 W,
450 1504 589 1567 Decano
614 1504 796 1580 Lincolnie‚
817 1505 855 1566 R.
881 1503 1064 1579 Lincolnie‚
1085 1504 1114 1585 J.
1139 1502 1322 1578 Bedeford’,
1345 1512 1379 1565 et
1404 1502 1448 1565 M.

193 1607 444 1688 Buckingham',
461 1594 724 1683 Archidiaconis,
742 1608 905 1689 Magistro
922 1608 973 1670 W.
986 1607 1029 1670 de
1047 1607 1228 1683 Lincolnia,
1245 1605 1392 1669 Radulfo
1407 1604 1450 1669 de

192 1710 370 1786 Waravill',
401 1720 434 1773 et
465 1710 517 1773 W.
548 1710 591 1773 de
622 1709 883 1786 Winchecumb’,
913 1719 947 1773 et
978 1710 1058 1771 aliis
1115 1709 1160 1772 Et
1191 1709 1278 1772 facta
1307 1719 1358 1772 est
1388 1710 1449 1772 hec

191 1814 357 1876 institutio
387 1814 480 1876 salvo
507 1815 581 1896 jure
613 1824 830 1897 patronorum
862 1824 938 1896 post
976 1812 1151 1876 decessum
1183 1813 1234 1875 vel
1265 1814 1449 1877 cessionem

191 1918 295 1999 ipsius
310 1918 463 1981 instituti.

190 2112 203 2179 l
202 2112 352 2177 latinitas,
371 2112 464 2179 ῥιφαὶ
477 2112 616 2179 ckaplain,
631 2113 782 2180 presented
794 2113 828 2180 by
843 2113 889 2165 tite
906 2112 993 2165 Prior
1007 2112 1068 2165 and
1084 2111 1210 2165 Conveni
1223 2114 1259 2180 of
1269 2112 1409 2175 Durium,
1427 2114 1452 2167 is

257 2194 403 2246 instituted
410 2194 444 2262 by
455 2194 500 2246 itis
505 2198 619 2261 prodor
628 2200 655 2247 to
666 2195 712 2247 tlte
722 2194 823 2247 churclz
835 2196 870 2261 of
875 2194 1138 2262 Kirkby·0n-Bain.]

281 2312 459 2374 KlRKEBY
478 2325 597 2376 SUPER
615 2313 979 2395 BEYNE.-Jacinctu5‚
995 2314 1132 2375 Domini
1147 2314 1237 2395 Pape
1251 2313 1451 2396 capellanus

193 2425 404 2496 presentatus
427 2437 485 2497 per
507 2417 654 2479 Priorem
678 2426 712 2479 et
734 2426 937 2479 conventum
955 2417 1136 2479 Dunholm’
1153 2416 1196 2479 ad
1216 2417 1389 2479 ecclesiam
1409 2416 1452 2481 de

195 2517 361 2599 Kyrkeby
373 2539 472 2601 super
484 2519 585 2595 Bein',
595 2518 683 2582 sacta
698 2520 788 2601 prius
805 2520 1019 2601 inquisitione
1035 2540 1094 2601 per
1106 2519 1155 2595 R,
1168 2518 1451 2583 Archidiaconum

195 2622 377 2697 Lincolnie‚
394 2643 453 2703 per
473 2643 584 2704 quam,
603 2633 674 2699 etc,
696 2623 861 2686 admissus
881 2633 941 2699 est,
960 2632 994 2685 et
1014 2624 1047 2685 in
1068 2644 1108 2685 ea
1128 2644 1187 2705 per
1205 2623 1256 2685 W.
1275 2622 1319 2685 de
1342 2623 1452 2705 Haya,

194 2735 441 2808 procuratorem
479 2747 576 2789 suurn
615 2727 809 2790 litteratorie
847 2728 1077 2804 constitutum,
1115 2727 1274 2789 canonice
1311 2746 1453 2809 persona

193 2829 375 2892 institutus.
422 2829 468 2891 Et
492 2829 689 2893 mandatum
713 2840 764 2893 est
784 2830 874 2893 dicto
896 2830 1144 2893 Archidiacono
1164 2839 1201 2892 ut
1220 2829 1329 2911 ipsum
1349 2830 1377 2911 J.
1394 2849 1453 2911 per

193 2932 360 3016 prefatum
378 2933 440 3009 W,
456 2943 704 3016 procuratorem
721 2955 828 3010 suum,
844 2932 1028 2996 secundum
1045 2934 1187 2996 sormam
1204 2934 1400 3015 premissam
1417 2933 1451 2995 in

189 3036 410 3119 corporalem,
426 3046 486 3099 etc.

190 3224 315 3291 [Alsred
327 3224 361 3275 de
371 3224 586 3292 Foikingeliam,
599 3223 737 3291 chaplain,
751 3226 776 3277 ir
791 3225 908 3277 collated
922 3230 948 3277 to
965 3225 1010 3278 tlte
1025 3224 1126 3277 cirurclt
1143 3223 1178 3291 of
1189 3223 1315 3292 Wyham.
1350 3224 1453 3291 Rigizts

258 3320 307 3357 are
316 3305 448 3357 received
456 3310 483 3357 to
494 3305 539 3357 tite
550 3305 688 3372 chaplain,
702 3306 763 3358 and
770 3312 798 3359 to
809 3306 854 3358 the
864 3306 952 3359 Prior
960 3307 996 3373 of
1004 3305 1138 3373 Ormsby.]

282 3423 633 3487 WYUN.-Aluredus
654 3423 696 3487 de
718 3424 971 3506 Folkingeham,
992 3424 1193 3507 capellanus,
1212 3424 1264 3486 cui
1285 3423 1452 3487 Dominus

195 3527 384 3609 Episcopus
414 3527 588 3591 ecclesiam
614 3527 657 3591 de
682 3528 820 3610 Wyuyn
846 3530 1045 3593 auctoritate
1069 3528 1209 3591 contulit
1235 3528 1383 3605 Concilii,
1410 3528 1452 3591 ad

189 3630 337 3694 eandem
354 3632 519 3695 admissus
535 3642 595 3708 est,
610 3642 644 3695 et
660 3633 693 3695 in
709 3654 750 3696 ea
765 3634 924 3696 canonice
944 3654 1086 3715 persona
1105 3652 1181 3694 cum
1202 3653 1301 3695 onere
1316 3642 1350 3695 et
1366 3652 1453 3714 pena

192 3736 392 3798 vicariorum
420 3736 614 3813 institutus;
637 3736 729 3799 salvo
755 3737 887 3818 Egidi0,
910 3736 1092 3819 capellano,
1114 3737 1187 3817 jure
1214 3738 1336 3814 su0„si
1362 3736 1451 3817 quod

192 3838 296 3901 habet
312 3839 346 3900 in
362 3838 513 3920 ejusdem
534 3838 673 3902 ecclesie
694 3841 815 3903 vicaria
827 3838 845 3917 ;¹
869 3840 962 3903 salvo
978 3841 1079 3903 etiam
1097 3839 1200 3901 Priori
1219 3824 1272 3902 de'
1284 3838 1452 3919 Ormesby

190 3963 272 4004 cum
288 3962 362 4006 eam
379 3962 496 4005 vacare
512 3943 688 4025 contigerit
701 3944 775 4024 jure
791 3963 851 4006 suo
867 3942 958 4025 quod
974 3943 1076 4005 habet
1092 3944 1125 4005 in
1142 3942 1331 4006 medietatis
1349 3942 1452 4023 ipsius

192 4044 425 4121 advocatione,
440 4066 501 4128 pro
516 4066 583 4127 quo
599 4046 708 4109 littere
725 4047 863 4109 Domini
880 4048 983 4128 Regis
1000 4056 1130 4128 recepte
1147 4056 1232 4123 sunt,
1244 4046 1452 4109 continentes

192 4147 286 4230 quod
325 4149 358 4210 in
394 4150 485 4211 curia
522 4170 583 4212 sua
620 4170 731 4214 coram
767 4150 958 4231 justiciariis
995 4150 1084 4232 apud
1116 4149 1451 4213 Westmonasterium

198 4251 354 4315 Matheus
391 4252 434 4315 de
472 4252 586 4334 Wyun
625 4255 751 4316 remisit
781 4253 960 4329 willelmo,
991 4254 1094 4317 Priori
1132 4252 1175 4316 de
1213 4252 1389 4333 Ormesby,
1418 4262 1452 4316 et

196 4355 440 4419 successoribus
456 4356 523 4418 suis
539 4367 573 4421 et
588 4357 726 4421 ecclesie
741 4378 800 4421 sue
820 4358 1064 4440 inperpetuum,
1080 4367 1114 4420 et
1129 4356 1279 4438 quietum
1296 4356 1452 4419 clamavit

192 4457 238 4521 -de
265 4479 300 4521 se
324 4468 358 4521 et
384 4458 562 4521 heredibus
586 4460 654 4522 suis
679 4470 787 4525 totum
811 4460 865 4541 jus
890 4471 924 4523 et
951 4461 1107 4523 clamium
1132 4458 1222 4541 quod
1253 4459 1371 4521 habuit
1400 4459 1452 4521 vel

193 4561 318 4625 ‚habere
334 4563 443 4644 potuit
459 4563 492 4624 in
510 4562 661 4643 ejusdem
682 4564 871 4627 medietatis
892 4562 1129 4640 advocatione,¹
1148 4562 1239 4625 salvo
1260 4564 1360 4633 etiam
1379 4562 1452 4643 jure

148 4739 151 4743 ⁸
192 4664 373 4745 cujuslibet
399 4666 604 4747 inposterum
632 4668 689 4748 qui
712 4668 767 4749 jus
794 4677 990 4749 patronatus
1014 4668 1148 4730 evicerit
1175 4667 1208 4728 in
1233 4665 1360 4729 eadem.
1407 4665 1452 4727 Et

193 4765 383 4847 injunctum
399 4775 451 4828 est
468 4766 517 4842 R,
533 4766 783 4830 Archidiacono
800 4768 982 4844 Lincolnie‚
998 4777 1043 4843 ut,
1058 4776 1118 4829 etc.

498 5012 507 5041 ¹
521 5015 535 5040 ‘⁴
543 5010 631 5064 Vacat
642 5012 655 5034 ”
666 5014 690 5065 is
702 5013 812 5064 written
825 5014 933 5080 against
945 5012 1001 5064 this
1013 5019 1153 5063 sentence.
