3550 5692
348 561 394 648 36
687 555 823 628 Ratnlz'
845 555 1023 652 Huganis
1047 555 1091 629 de
1126 557 1258 630 Welles

347 793 480 876 Templi
502 814 602 856 unam
625 813 770 856 marcam
787 814 949 859 annuam:
965 794 1105 856 vicarius
1127 796 1229 858 etiam
1252 795 1358 859 solvet
1381 796 1552 873 sinodalia,
1566 809 1601 862 et

348 896 508 960 moniales
548 897 729 978 hospitium
765 894 1001 960 Archidiaconi
1039 898 1270 979 procurabunt
1332 899 1377 962 Et
1414 900 1598 981 injunctum

348 999 490 1066 Officiali
509 999 783 1076 Bedesordie,etc.
829 999 885 1082 [ln
902 1000 955 1062 tlte
969 1000 1100 1082 margin
1112 999 1182 1082 .·—]
1199 1001 1276 1064 Non
1292 1001 1454 1066 habemus
1475 1003 1599 1068 litteras

346 1104 607 1187 presentationis
895 1087 898 1092 ¹

346 1329 487 1396 [Richard
511 1330 648 1396 enaplae'n,
666 1329 815 1396 presented
836 1329 868 1396 by
891 1330 936 1382 the
958 1329 1046 1382 Prior
1065 1329 1127 1382 and
1148 1329 1275 1383 Convent
1293 1331 1330 1398 as
1347 1331 1547 1399 Hnntr'ngdan.
1575 1335 1603 1385 is

410 1412 556 1464 instituted
561 1413 640 1464 ve‘car
649 1413 685 1480 of
693 1411 779 1463 Great
788 1412 924 1479 Stukeley.
961 1412 1019 1464 The
1028 1413 1161 1480 m'earage
1171 1415 1197 1463 ts
1206 1411 1365 1479 described]

434 1523 606 1588 STIUECL'
652 1523 730 1586 VIC.
746 1561 790 1570 —
806 1522 979 1598 Ricardus‚
1020 1522 1245 1605 cappellanus
1289 1535 1498 1606 presentatus
1542 1547 1602 1608 per
1665 1569 1670 1580 .

348 1627 493 1689 Priorem
524 1636 557 1688 et
587 1636 788 1688 conventum
819 1625 862 1688 de
891 1626 1124 1708 Huntingdon'
1151 1625 1193 1689 ad
1221 1638 1416 1709 perpetuam
1443 1629 1598 1691 vicariam

294 1723 305 1746 ⁸
345 1729 483 1793 ecclesie
498 1729 540 1792 de
557 1729 700 1805 Stiuecl'‚
715 1728 904 1792 ordinatam
926 1731 1123 1792 auctoritate
1142 1728 1290 1806 Concilii‚
1310 1731 1474 1794 admissus
1494 1742 1545 1794 est
1566 1741 1599 1794 et

345 1834 485 1896 vicarius
501 1842 680 1916 perpetuus
702 1833 958 1907 institutus,¹etc.
1005 1832 1166 1896 Consistit
1181 1843 1293 1895 autem
1310 1833 1401 1897 dicta
1422 1835 1544 1897 vicaria
1566 1835 1598 1895 in

344 1936 499 1998 omnibus
523 1935 779 1998 obventionibus
804 1935 916 1998 altaris
940 1946 974 1998 et
999 1937 1135 1998 minutis
1158 1936 1296 1999 decimis
1322 1948 1356 2000 et
1386 1937 1600 2020 proventibus

344 2039 508 2114 omnibus
531 2040 681 2121 exceptis
705 2049 791 2101 terra
813 2039 952 2102 ecclesie
973 2039 1142 2102 dominica
1162 2051 1197 2102 et
1214 2039 1346 2102 decima
1365 2040 1542 2122 garbarum
1566 2050 1599 2102 et

345 2141 420 2218 seni,
436 2152 469 2204 et
486 2141 623 2205 decimis
644 2142 733 2204 curie
748 2143 984 2204 canonicorum
1005 2154 1075 2205 tam
1092 2143 1229 2205 minutis
1248 2163 1348 2225 quam
1369 2143 1546 2224 garbarum
1566 2152 1599 2206 et

325 2228 328 2233 ¹
345 2245 420 2320 seni,
430 2245 569 2306 vicarius
579 2265 656 2308 vero
669 2245 774 2307 solvet
786 2245 950 2306 sinodalia
961 2256 995 2308 et
1007 2246 1157 2308 canonici
1170 2245 1351 2327 hospitium
1363 2245 1598 2308 Archidiaconi

344 2348 575 2431 procurabunt.
612 2348 656 2410 Et
672 2349 858 2429 injunctum
875 2359 926 2412 est
943 2349 1197 2426 Archidiacon0‚
1214 2351 1368 2432 presenti,
1382 2359 1443 2413 etc.
1476 2349 1532 2431 [In
1548 2349 1602 2411 the

344 2452 475 2533 margin
486 2451 554 2533 :-]
573 2451 649 2513 Non
666 2451 828 2514 habemus
844 2452 971 2515 litteras
986 2454 1250 2534 presentationis.

344 2719 490 2784 [Nicholas
504 2718 537 2770 de
553 2717 648 2779 Lond,
667 2715 804 2784 chaplain,
818 2717 968 2784 presented
981 2717 1014 2785 by
1023 2719 1069 2770 tlte
1086 2719 1168 2770 Dean
1183 2719 1243 2771 and
1261 2719 1382 2785 Chapter
1394 2721 1431 2786 os
1442 2719 1481 2772 St.
1493 2717 1600 2774 Panes.

408 2800 531 2862 lendan,
544 2800 568 2852 is
579 2799 725 2851 instituted
732 2800 813 2851 vicar
821 2799 856 2866 of
863 2799 896 2850 K
892 2800 1039 2852 enswortlr.
1076 2801 1133 2852 The
1143 2802 1275 2868 vr'carage
1286 2802 1311 2853 is
1321 2799 1477 2866 deinded]

431 2909 918 2973 KENESWORTH.-Nicolaus
941 2910 983 2973 de
1008 2910 1123 2986 Lond'‚
1142 2909 1365 2992 cappellanus
1389 2918 1599 2991 presentatus

343 3034 402 3094 per
438 3014 611 3076 Decanum
643 3023 676 3075 et
709 3012 893 3094 capitulum
927 3014 1041 3077 Sancti
1074 3013 1167 3075 Pauli
1192 3012 1298 3075 Lond’
1326 3012 1369 3074 ad
1401 3021 1596 3094 perpetuam

342 3117 497 3179 vicariam
522 3116 658 3178 ecclesie
679 3115 721 3178 de
741 3117 971 3193 Kenesworth,
993 3117 1036 3180 de
1056 3137 1220 3179 consensu
1241 3116 1269 3197 J.
1286 3115 1329 3179 de
1345 3116 1471 3180 Sancto
1492 3114 1600 3190 Laur',

342 3219 492 3300 ejusdem
508 3219 645 3282 ecclesie
662 3219 804 3294 rectoris
820 3219 909 3281 facta
928 3221 1017 3302 prius
1039 3221 1252 3301 inquisitione
1275 3239 1333 3301 per
1357 3219 1406 3294 R,
1423 3217 1600 3280 Archidia·

342 3341 463 3384 conum
497 3321 762 3403 Huntingdonie,
791 3331 862 3397 etc,
892 3322 1057 3385 admissus
1090 3333 1140 3386 est
1177 3333 1210 3385 et
1240 3323 1380 3384 vicarius
1418 3331 1598 3403 perpetuus

343 3425 520 3487 institutus.
568 3425 613 3487 Et
628 3425 779 3487 consistit
794 3424 884 3488 dicta
900 3427 1021 3488 vicaria
1036 3427 1069 3488 in
1085 3437 1157 3488 toto
1173 3426 1334 3506 altaragio
1350 3425 1436 3487 illius
1451 3424 1598 3500 ecclesie,

342 3548 417 3589 cum
442 3537 514 3590 tota
536 3538 623 3590 terra
645 3548 710 3608 que
733 3527 775 3590 ad
799 3528 905 3609 ipsam
929 3529 1101 3592 ecclesiam
1126 3529 1277 3611 pertinet,
1296 3529 1447 3609 exceptis
1466 3527 1598 3590 duabus

342 3631 426 3693 acris
442 3630 731 3711 propinquioribus
748 3631 831 3692 atrio
841 3630 978 3693 ecclesie
990 3652 1102 3694 versus
1111 3631 1311 3713 aquilonem,
1323 3650 1398 3692 cum
1411 3650 1479 3690 uno
1494 3649 1597 3710 parvo

343 3733 528 3814 curtillagio
559 3732 602 3795 ab
628 3733 745 3795 eadem
766 3744 868 3814 parte,
888 3734 978 3814 quod
1005 3745 1055 3797 est
1079 3735 1240 3797 cimiterio
1269 3735 1422 3796 vicinum.
1473 3733 1599 3794 Rector

343 3847 454 3898 autem
473 3836 562 3899 dicte
580 3837 717 3898 ecclesie
738 3837 918 3918 hospitium
939 3837 1174 3901 Archidiaconi
1193 3848 1228 3900 et
1243 3838 1383 3900 vicarius
1405 3834 1596 3918 procurabit

342 3939 448 4002 solvet
464 3940 633 4002 sinodalia.
680 3939 726 4002 Et
741 3939 927 4020 injunctum
946 3951 997 4003 est
1014 3941 1269 4018 Archidiacon0,
1285 3940 1439 4022 presenti,
1454 3949 1514 4001 etc.

342 4208 456 4274 [Rabert
464 4205 497 4258 de
508 4207 711 4271 Sumeresham,
724 4207 803 4272 elerk,
811 4209 962 4276 presented
976 4210 1009 4277 by
1022 4211 1055 4262 G.
1070 4211 1157 4271 Grim‚
1176 4210 1220 4262 the
1228 4213 1335 4276 parson
1350 4209 1386 4275 as
1391 4208 1437 4260 tlte
1453 4206 1554 4260 clareret
1565 4206 1602 4272 of
1747 4194 1748 4257 l

406 4289 589 4352 Samerslram,
602 4289 663 4340 and
671 4290 795 4353 Samson,
806 4291 886 4343 mear
895 4293 930 4359 of
936 4292 981 4344 the
992 4309 1069 4346 same
1079 4292 1186 4355 cheralt,
1200 4293 1226 4343 is
1236 4291 1381 4343 instituted
1387 4295 1413 4342 ta
1424 4290 1470 4341 the
1481 4288 1596 4356 benefice

404 4371 440 4438 eff
451 4370 497 4424 tlte
507 4372 583 4423 altar
592 4371 659 4422 dnes
670 4371 705 4438 of
712 4372 757 4423 tlte
768 4372 868 4424 chureii
880 4375 917 4440 os
922 4373 1099 4426 Somerslram
1111 4375 1171 4426 and
1180 4375 1217 4426 its
1227 4371 1399 4440 chapelm'es.l

428 4481 924 4545 SUMERESHAM'.-Robertus
954 4483 996 4546 de
1027 4484 1271 4559 Sumeresham,
1294 4483 1440 4557 clericus
1463 4501 1595 4562 presen-

339 4593 429 4646 tatus
452 4604 510 4665 per
530 4585 728 4666 Magistrum
746 4584 784 4648 G.
801 4584 904 4661 Grim‚
924 4606 1102 4667 personam
1122 4586 1260 4650 ecclesie
1278 4584 1321 4648 de
1340 4581 1596 4656 Sumeresham',

339 4696 373 4748 et
404 4685 600 4763 Sansonem,
630 4687 787 4749 vicarium
821 4688 972 4769 ejusdem
1004 4691 1151 4765 ecclesie,
1181 4687 1224 4751 ad
1259 4685 1458 4750 beneficium
1492 4683 1594 4747 totius

339 4788 488 4869 altaragii
505 4790 641 4852 ecclesie
651 4789 694 4852 de
707 4789 960 4867 Sumeresham’,
972 4803 1005 4855 et
1018 4794 1167 4854 omnium
1181 4790 1382 4872 capellarum
1396 4788 1438 4851 ad
1451 4787 1593 4851 eandem

338 4890 509 4953 ecclesiam
541 4893 786 4974 pertinentium,
811 4893 975 4956 admissus
1005 4905 1055 4957 est
1086 4906 1120 4958 et
1144 4897 1177 4957 in
1202 4894 1321 4957 eodem
1347 4893 1528 4966 institutus,
1550 4889 1593 4952 ad

338 4993 481 5056 eundem
507 4995 641 5057 titulum
671 4996 703 5056 in
731 4995 909 5058 diaconum
934 4998 1114 5061 ordinatus,
1172 4997 1344 5060 Provisum
1369 5006 1420 5058 est
1447 4995 1549 5058 etiam
1573 5012 1593 5053 a
