3550 5692
587 559 767 660 Episcopi
780 547 1062 638 Lencolne‘ensz‘s.

209 714 362 722 u—-—-—-

314 801 365 866 On
380 801 433 866 the
447 801 539 865 dorse
553 825 611 867 .·-

209 801 392 980 [Amaledcrn
401 911 435 963 de
446 801 624 978 Bnggedene]
628 911 653 962 is
665 909 811 963 instituted
819 909 987 963 archdeacon
997 909 1034 977 of
1040 907 1186 976 Bedsord.]

298 1013 460 1096 Magister
490 1011 663 1075 Ammaur'
694 1011 737 1075 de
765 1011 979 1094 Buggedene‚
1009 1011 1062 1073 cui
1090 1008 1247 1073 dominus
1279 1008 1469 1092 Episcopus

209 1116 514 1180 archidiaconatum
533 1114 732 1198 Bedefordie
748 1114 899 1192 contulit,
915 1113 1015 1179 salvis
1031 1103 1093 1176 sibi
1113 1111 1244 1176 duabus
1261 1112 1469 1195 portionibus

210 1229 456 1302 sequestrorum
477 1219 510 1281 in
526 1218 655 1294 eodem,
672 1226 723 1283 est
739 1216 1007 1282 Archidiaconus
1024 1237 1082 1298 per
1097 1215 1229 1292 librum,
1245 1225 1282 1278 ut
1302 1213 1371 1278 fieri
1391 1235 1469 1278 con-

210 1323 327 1399 suevit,
352 1323 533 1387 institutus.
589 1321 634 1385 Et
652 1320 855 1386 mandatum
879 1331 931 1386 est
958 1322 1097 1384 Decano
1126 1319 1353 1384 Lincolniensi
1378 1317 1468 1401 quod

211 1425 345 1489 stallum
362 1425 408 1489 illi
432 1426 465 1488 in
482 1425 584 1488 choro
599 1434 633 1489 et
653 1424 763 1488 locum
789 1425 822 1487 in
848 1424 1004 1508 capitulo,
1026 1423 1210 1488 secundum
1235 1422 1374 1486 ecclesie
1391 1423 1469 1486 Lin-

209 1529 385 1594 colniensis
412 1529 698 1606 consuetudinem,
720 1528 819 1592 iaciat
844 1529 1014 1610 assignari.
1066 1526 1268 1591 Mandatum
1291 1537 1342 1590 est
1366 1526 1468 1590 etiarn

209 1633 395 1710 abbatibus
418 1633 592 1717 prioribus,
614 1633 759 1710 decanis,
784 1633 942 1715 personis,
965 1633 1105 1708 vicariis,
1129 1630 1311 1713 capellanis
1337 1640 1371 1693 et
1397 1630 1469 1692 aliis

209 1747 278 1802 tam
296 1737 422 1801 clericis
438 1757 538 1820 quam
560 1737 651 1825 iaicis
671 1736 831 1799 universis
853 1757 912 1818 per
929 1734 1251 1799 Archidiaconatum
1270 1733 1469 1798 Bedefordie

209 1841 408 1916 constitutis
438 1840 528 1922 quod
559 1838 668 1904 eidem
700 1838 854 1904 decetero
885 1840 952 1902 sint
983 1837 1195 1902 intendentes
1233 1846 1268 1901 et
1306 1844 1467 1919 tanquam

211 1944 459 2008 Archidiacono
490 1964 551 2007 suo
581 1943 784 2006 obedientes.

772 2067 902 2080 ...—

694 2205 836 2270 Auuus
859 2203 996 2267 xx111¹¹³.

211 2331 353 2400 [Geoffrey
363 2329 397 2383 de
407 2329 436 2382 la
447 2329 535 2392 Mare,
543 2331 693 2397 presented
701 2329 734 2398 by
744 2331 789 2384 the
800 2329 890 2383 Abbot
899 2329 959 2382 and
975 2329 1101 2381 Convent
1109 2329 1145 2396 os
1151 2327 1276 2394 Ramsey‚
1289 2327 1315 2378 is
1326 2325 1472 2378 instituted

275 2419 302 2466 to
313 2412 358 2465 tlte
368 2411 469 2464 enaret
481 2412 517 2479 of
522 2411 753 2480 Baeton-le-cley.
787 2413 814 2464 Α
821 2413 941 2479 pension
952 2412 988 2479 of
993 2427 1046 2462 eos.
1059 2411 1084 2462 is
1094 2409 1225 2462 resenued
1232 2414 1259 2461 to
1268 2409 1314 2460 tlte
1323 2408 1468 2474 Convent]

299 2513 708 2599 BARTONE.-Galsridus
739 2515 781 2578 de
812 2515 845 2578 la
877 2514 971 2577 Mare
1001 2510 1138 2596 {blank}
1168 2519 1379 2594 presentatus
1410 2531 1469 2593 per

211 2619 381 2683 Abbatem
408 2627 442 2680 et
469 2626 671 2680 conventum
700 2617 953 2680 Ramesiensem
979 2615 1021 2679 ad
1046 2603 1221 2679 ecclesiam
1248 2614 1291 2678 de
1313 2615 1468 2690 Bartone‚

211 2724 298 2787 facta
314 2723 403 2804 prius
420 2721 634 2803 inquisitione
651 2742 709 2803 per
721 2721 950 2796 Amauricum,
962 2705 1248 2783 Archidiaconum
1261 2716 1469 2794 Bedefordie,

210 2846 385 2908 perquam
403 2823 574 2907 negotium
593 2824 654 2886 luit
671 2824 703 2886 in
719 2823 892 2906 expedito
907 2822 950 2887 ad
966 2822 1108 2887 eandem
1126 2821 1293 2884 admissus
1309 2831 1369 2896 est,
1384 2830 1418 2884 et
1434 2822 1468 2883 in

210 2950 249 2993 ea
271 2929 431 2992 canonice
454 2949 596 3011 persona
620 2927 799 2990 institutus.
848 2928 894 2990 Et
919 2925 1116 2989 mandatum
1140 2934 1191 2988 est
1214 2924 1324 2988 eidem
1349 2923 1468 2987 Archi·

209 3032 352 3096 diacono
368 3043 405 3096 ut
420 3033 530 3114 ipsum
544 3031 731 3096 Galfridum
748 3032 782 3094 in
798 3031 1005 3113 corporalem
1021 3030 1159 3093 ecclesie
1175 3029 1323 3111 predicte
1339 3050 1468 3111 posses-

210 3136 338 3199 sionem
369 3156 428 3219 per
455 3144 702 3218 procuratorem
726 3156 823 3198 suum
854 3134 1000 3210 inducat,
1023 3132 1123 3196 salvis
1149 3133 1248 3196 dictis
1272 3131 1401 3196 Abbati
1432 3142 1467 3196 et

210 3239 387 3302 conventui
409 3237 478 3302 >rxti
500 3237 615 3301 solidis
636 3238 755 3300 annuis
775 3257 858 3320 quos
878 3237 921 3300 ab
944 3237 1083 3319 antiquo
1102 3237 1271 3318 percipere
1289 3256 1469 3300 consueve-

211 3353 287 3406 runt
302 3342 348 3416 de
365 3342 492 3406 eadem.
540 3342 585 3404 Et
601 3342 788 3405 notandum
808 3342 898 3425 quod
923 3341 1031 3405 littere
1053 3341 1309 3424 presentationis
1333 3349 1410 3403 sunt
1434 3341 1467 3404 in

211 3445 330 3509 scrinio
346 3445 474 3508 domini
491 3445 660 3528 Episcopi.
1007 3443 1010 3449 '

211 3702 368 3770 [Regennld
376 3702 409 3754 de
420 3701 559 3764 Haletede,
572 3701 739 3763 nddeacon,
747 3703 898 3768 presented
906 3703 939 3770 by
951 3703 996 3754 the
1006 3702 1094 3755 Pn‘or
1101 3701 1162 3753 and
1173 3701 1299 3753 Conuent
1307 3702 1339 3767 os
1354 3701 1467 3764 lenton,

275 3785 300 3836 is
310 3783 456 3836 insntuted
465 3790 492 3837 to
502 3785 547 3836 ne
558 3783 659 3836 chnrcle
668 3785 703 3852 os
709 3783 909 3852 Mepperslealt.
932 3784 1073 3837 Laurente
1080 3784 1113 3836 de
1121 3783 1151 3834 E
1152 3783 1268 3850 lington,
1277 3782 1342 3834 weo
1353 3781 1473 3835 claimed

275 3866 320 3919 tlte
330 3871 441 3933 rectony,
454 3866 478 3918 is
490 3871 517 3918 to
528 3865 602 3918 nave
612 3881 630 3918 a
637 3865 757 3932 penst'on
769 3867 867 3934 offive
879 3866 995 3932 marks]

300 3967 871 4049 MEPERTESHALE.—Reginaldus
892 3968 934 4031 de
956 3966 1129 4043 Halstede,
1145 3965 1377 4042 subdiaconus
1395 3986 1467 4048 pre-

211 4081 361 4136 sentatus
385 4092 444 4154 per
464 4071 611 4135 Priorem
636 4081 669 4134 et
693 4081 896 4134 conventum
922 4071 965 4134 de
990 4071 1142 4134 Lentone
1169 4069 1211 4132 ad
1231 4069 1405 4133 ecclesiam
1425 4068 1468 4132 de

214 4175 467 4259 Meperteshale,
491 4175 578 4238 sacta
603 4175 692 4257 prius
715 4175 929 4257 inquisitione
952 4195 1011 4258 per
1025 4175 1063 4256 J„
1079 4183 1158 4236 tunc
1182 4172 1467 4236 Archidiaconum

212 4265 418 4356 Bedefordie,
442 4288 476 4341 et
500 4279 654 4342 ordinato
680 4299 779 4362 super
803 4279 920 4343 eadem
947 4279 1086 4343 ecclesia
1111 4299 1170 4361 per
1193 4279 1303 4360 ipsum
1328 4278 1366 4359 J.,
1388 4287 1468 4340 tunc

213 4382 496 4447 Archidiaconum
515 4382 792 4464 Norhamptonie‚
807 4394 842 4446 et
859 4384 908 4458 R.,
925 4384 1069 4446 Priorem
1090 4380 1133 4444 de
1150 4381 1361 4462 Dunstaplia‚
1383 4381 1469 4443 inter

211 4486 336 4550 dictum
355 4484 581 4568 Reginaldum
605 4496 639 4549 et
664 4486 881 4549 Laurentium
906 4484 948 4548 de
973 4485 1143 4568 Elingt0n‚
1166 4485 1222 4565 qui
1247 4504 1283 4546 se
1306 4491 1467 4546 rectorem

211 4590 313 4672 ipsius
329 4589 467 4652 ecclesie
484 4598 643 4652 rectorem
661 4589 733 4672 [sic]
754 4611 826 4652 esse
842 4589 991 4664 asseruit,
1007 4608 1154 4671 perque,
1170 4596 1241 4663 etc,
1257 4587 1300 4650 ad
1324 4586 1466 4650 eandem

212 4693 377 4757 admissus
393 4701 452 4768 est,
468 4702 539 4768 etc,
555 4691 654 4754 salvis
670 4691 760 4754 dicto
778 4692 969 4768 Laurentio,
984 4690 1143 4773 quamdiu
1160 4690 1281 4754 vixerit
1302 4689 1335 4751 in
1352 4689 1466 4752 habitu

211 4795 358 4869 seculari,
375 4795 523 4876 quinque
539 4795 658 4858 marcis
674 4795 793 4857 annuis
809 4794 851 4858 de
867 4815 999 4858 camera
1015 4792 1094 4855 dicti
1113 4792 1297 4879 Reginaldi·
1307 4813 1366 4875 per
1381 4793 1467 4855 ordi-

212 4900 382 4963 nationem
408 4897 591 4981 predictam
619 4897 848 4980 percipiendis,
896 4898 941 4961 Et
972 4896 1157 4977 injunctum
1187 4905 1239 4959 est
1265 4894 1316 4974 A„
1348 4895 1466 4958 Archi·

212 5001 353 5080 diacono
371 5000 576 5078 Bedefordie,
592 5009 672 5063 tunc
688 5000 842 5084 presenti,
859 5010 904 5075 ut,
919 5009 980 5064 etc.
