3550 5692
482 633 487 639 ,
567 556 765 655 <Episcopi
786 542 1071 631 Lineolreeensis
1382 578 1402 627 t
1417 576 1458 644 19

202 796 406 860 ordinandus
425 797 459 859 in
479 796 656 860 diaconum
680 796 723 859 ad
746 796 879 859 ordines
895 794 1111 859 celebrandos
1131 795 1164 858 in
1181 791 1457 877 Quadragesima‘,

203 921 290 964 anno
321 899 534 982 pontificatus
555 898 683 963 domini
709 900 866 983 Episcopi
891 898 984 981 xiiij⁰.
1032 900 1186 962 Preterea
1208 897 1317 977 dictus
1345 897 1458 962 Adam

202 1003 299 1067 faciet
318 1004 440 1067 habere
457 1002 597 1067 domino
618 1004 788 1086 Episcopo
803 1004 930 1068 litteras
946 1013 1099 1086 patentes
1123 1002 1379 1085 presentationis
1396 1022 1455 1065 sue

201 1104 300 1172 sacte'
318 1105 362 1171 ad
395 1105 521 1171 dictam
554 1108 720 1183 vicariam,
750 1108 784 1170 in
818 1107 939 1189 quibus
969 1104 1089 1170 eadem
1120 1106 1242 1169 vicaria
1272 1104 1453 1169 taxabitur.

202 1212 248 1274 Et
271 1209 467 1274 mandatum
488 1220 540 1274 est
561 1209 808 1274 Archidiacono
833 1208 1006 1273 Lincolnie
1022 1214 1093 1291 'per
1112 1209 1286 1272 Decanum
1316 1208 1459 1272 civitatis

204 1314 384 1391 Lincolnie,
399 1323 460 1377 etc.

200 1488 344 1602 [Ranuiptr
358 1534 393 1587 de
403 1533 549 1596 Ferrarte‘s,
562 1532 640 1593 clerte,
655 1533 803 1600 presented
816 1533 850 1601 by
865 1533 910 1586 tlte
921 1533 1008 1585 Prior
1020 1532 1080 1584 and
1093 1532 1219 1585 Convent
1231 1532 1267 1599 of
1274 1531 1423 1599 Spalding,
1436 1531 1461 1583 r's

265 1616 411 1669 instituted
418 1621 445 1669 to
455 1631 474 1668 a
485 1615 600 1683 medrety
610 1616 647 1683 of
652 1615 699 1668 tlte
708 1616 810 1668 etrurctr
821 1617 857 1684 os
862 1614 938 1669 East
946 1615 1040 1681 Kent]

289 1744 423 1807 ESKEL'
449 1743 867 1808 MEDIETAs.-'Ranulsus
882 1741 927 1805 de
943 1744 1110 1818 Ferrariis,
1126 1742 1274 1819 clericus,
1290 1753 1459 1825 presenta-

200 1858 254 1911 tus
270 1869 329 1930 per
347 1849 492 1912 Priorem
508 1858 542 1911 et
557 1858 760 1911 conventum
777 1848 820 1911 de
836 1846 1010 1931 Spalding'
1026 1847 1070 1935 ad
1087 1846 1301 1911 medietatem
1319 1847 1456 1940 ecclesie

200 1950 242 2014 de
260 1952 372 2015 Eskel'
386 1973 487 2034 quam
505 1951 635 2016 Alanus
650 1951 693 2041 de
709 1951 844 2014 Verona
859 1951 976 2026 tenuit,
993 1949 1223 2013 admissust
1172 1959 1231 2025 est,
1247 1960 1281 2013 et
1297 1951 1456 2013 canonice

201 2076 343 2140 persona
373 2056 552 2119 institutus.
609 2056 654 2118 Et
686 2054 882 2145 mandatum
914 2065 966 2117 est
998 2053 1244 2117 Archidiacono
1277 2054 1459 2130 Lincolnie,

204 2170 265 2223 etc.
319 2158 397 2243 Non
421 2159 583 2222 habemus
606 2160 737 2222 litteras
756 2139 1012 2241 presentationis
1032 2178 1124 2239 quas,
1139 2167 1308 2269 presentat
1310 2178 1348 2219 us
1364 2158 1460 2221 nobis

200 2240 386 2325 exhibebit.

199 2482 337 2547 [Richard
345 2482 378 2534 de
393 2482 419 2533 Τ
414 2486 472 2550 erp,
481 2482 619 2549 cteptatn,
630 2482 779 2549 presented
787 2481 819 2550 by
827 2483 873 2534 tlte
879 2485 992 2549 parson,
1003 2482 1028 2533 is
1039 2480 1186 2533 instituted
1191 2480 1312 2547 vicarof
1318 2496 1335 2531 a
1346 2479 1461 2549 mediety

198 2583 201 2586 ·
265 2564 301 2631 of
307 2564 352 2616 tlte
362 2564 464 2616 charete
476 2566 512 2633 os
522 2564 726 2632 Wstberougtr.
765 2565 822 2617 Ttee
832 2565 963 2632 vicarage
974 2565 999 2616 is
1009 2562 1167 2630 described]

288 2691 720 2755 WESTBURc.-Ricardus
744 2692 786 2755 de
811 2691 921 2773 Torp’,
945 2691 1146 2773 capellanus
1167 2701 1377 2773 presentatus
1400 2704 1459 2773 pe'r
1543 2682 1545 2689 ¹

202 2795 413 2871 Nicholaum,
430 2815 606 2876 personam
625 2795 813 2858 medietatis
828 2794 967 2858 ecclesie
983 2794 1025 2857 de
1038 2794 1279 2871 Westburc,.de
1295 2815 1457 2858 consensu

202 2896 340 2960 Domini
371 2898 423 2961 W.
455 2898 601 2975 Barduli,
632 2900 774 2981 patroni,
804 2898 847 2961 ad
878 2900 1035 2961 vicariam
1074 2898 1225 2978 ejusdem
1263 2898 1461 2975 medietatis,

200 3000 366 3063 admissus
389 3012 505 3078 est‚·et
524 3002 665 3065 vicarius
688 3013 868 3084 perpetuus
894 3003 1073 3079 institutus,
1094 3022 1169 3065 cum
1193 3022 1293 3066 onere
1316 3013 1349 3066 et
1373 3024 1459 3084 pena

201 3105 405 3185 vicariorum.
457 3106 502 3168 Et
532 3107 684 3169 consistit
722 3106 811 3169 dicta
850 3107 970 3169 vicaria
1009 3107 1041 3168 in
1072 3106 1227 3168 omnibus
1258 3106 1395 3169 decimis
1426 3118 1459 3171 et

200 3208 458 3271 obventionibus
488 3210 531 3272 ad
561 3209 666 3272 altare
697 3209 845 3291 predicte
876 3208 1066 3273 medietatis
1101 3209 1352 3291 pertinentibus,
1382 3231 1458 3274 cum

202 3311 287 3374 tosto
308 3310 398 3393 quod
422 3312 539 3388 lsabel,
561 3313 687 3388 mulier,
708 3314 823 3376 tenuit.
870 3313 916 3376 Et
938 3314 1124 3395 injunctum
1146 3323 1196 3376 est
1214 3312 1460 3377 Archidiacono

204 3415 377 3477 Lincolnie
397 3426 443 3491 ut,
461 3425 523 3479 etc.
570 3417 642 3479 Nec
666 3417 828 3479 habemus
852 3418 1099 3498 inquisitionem
1124 3417 1186 3479 nisi
1210 3418 1319 3480 vivam
1343 3438 1458 3481 vocem

203 3518 451 3581 Archidiaconi.

200 3739 298 3805 [John.
313 3756 367 3799 son
383 3742 419 3805 os
434 3740 522 3803 Peter,
536 3740 615 3803 clerk,
632 3742 783 3808 presented
797 3742 830 3809 by
848 3741 894 3793 tlte
905 3741 995 3794 Abbot
1009 3741 1070 3793 and
1090 3740 1214 3794 Corrvent
1231 3742 1267 3807 os
1282 3741 1414 3805 Croxden,
1435 3744 1460 3795 is

266 3823 412 3875 instituted
421 3828 448 3875 to
459 3839 477 3875 a
489 3822 605 3890 mediety
615 3824 651 3889 os
658 3822 704 3875 ttre
714 3822 814 3875 ehnrclt
827 3823 862 3888 of
868 3822 975 3891 Kirkby
986 3823 1013 3874 la
1029 3822 1142 3889 Thorpe
1146 3822 1155 3891 J

289 3958 467 4021 KIRKEBY
485 3959 693 4021 MEDIETAS.
695 3957 909 4040 —Johannes
922 3956 1008 4020 filius
1025 3958 1123 4033 Petri,
1133 3957 1272 4021 clericus
1273 3970 1459 4041 ,presenta-

200 4070 254 4122 tus
285 4080 345 4141 per
369 4059 540 4122 Abbatem
570 4071 605 4124 et
635 4071 837 4124 conventum
867 4059 911 4123 de
936 4059 1145 4125 Crokenden
1170 4060 1212 4123 ad
1244 4061 1458 4127 medietatem

200 4163 338 4226 ecclesie
364 4163 407 4226 de
432 4163 594 4245 Kirkeby‚
617 4163 707 4228 sacta
734 4166 824 4245 prius
851 4164 1066 4245 inquisitione
1094 4184 1150 4246 per
1175 4164 1458 4229 Archidiaconum

202 4266 384 4343 Lincolnie,
413 4276 485 4343 etc,
511 4266 553 4329 ad
584 4266 728 4330 eandem
759 4267 975 4330 medietatem
1006 4276 1057 4330 est
1087 4266 1262 4355 admissus,
1291 4279 1325 4334 et
1356 4270 1388 4332 in
1419 4290 1459 4335 ea

200 4370 360 4431 canonice
396 4390 540 4451 persona
577 4371 769 4447 institutus;
807 4370 900 4433 salvo
928 4370 1002 4451 jure
1032 4370 1192 4436 Willelmi
1222 4370 1266 4435 de
1298 4372 1460 4456 Kirkeby‚

199 4473 396 4555 cappellani,
411 4472 501 4555 quod
517 4494 552 4536 se
567 4473 648 4536 dicit
663 4474 786 4537 habere
801 4475 834 4536 in
850 4475 972 4537 vicaria
988 4473 1074 4537 illius
1089 4474 1236 4551 ecclesie,
1248 4476 1304 4557 qui
1321 4478 1456 4541 nomine

199 4578 321 4640 vicarie
347 4598 407 4640 sue
434 4586 541 4640 totam
565 4577 657 4641 illam
683 4577 866 4653 ecclesiam,
888 4587 925 4640 ut
949 4577 1039 4653 dicit,
1062 4578 1189 4642 tenebit
1214 4580 1457 4661 quoadvixerit,

199 4679 363 4743 solvendo
382 4679 461 4743 inde
478 4682 652 4743 annuatim
677 4700 819 4761 persone
840 4680 992 4761 ejusdem
1016 4680 1154 4745 ecclesie
1173 4692 1316 4764 quatuor
1334 4682 1459 4746 solidos

196 4784 338 4849 nomine
367 4784 546 4865 pensionis.
599 4784 647 4846 Et
675 4784 863 4865 injunctum
894 4794 945 4847 est
975 4782 1094 4847 clerico
1124 4784 1371 4861 Archidiaconi,
1396 4798 1458 4851 etc.

203 4887 280 4951 Non
317 4887 481 4950 habemus
518 4886 645 4969 litteras
679 4886 935 4968 presentationis
969 4906 1043 4963 sue;
1075 4887 1249 4951 tradantur
1279 4888 1459 4964 Willelmo,

201 4991 321 5053 clerico
339 4989 585 5053 Archidiaconi.
