3550 5692
323 515 373 599 46
664 508 801 584 Rotulz'
822 507 999 605 Hugonis
1024 510 1068 582 de
1102 508 1236 581 Weeles

323 749 449 810 tionem
474 747 550 810 Ade
573 746 616 810 de
638 746 820 822 Chaworh’,
840 745 928 810 lacta
950 748 1041 829 prius
1062 746 1276 828 inquisitione
1296 767 1356 829 per
1378 745 1576 828 Philippum,

325 849 607 912 Archidiaconum
641 848 907 931 Huntingdonie,
928 870 988 932 per
1017 869 1128 931 quam,
1157 859 1229 926 etc,
1259 849 1424 912 admissus
1454 859 1505 912 est
1532 849 1576 910 ad

324 953 465 1017 eandem
490 964 523 1016 et
548 955 581 1016 in
608 975 648 1016 ea
672 954 831 1016 canonice
855 973 996 1036 persona
1020 954 1198 1016 institutus.
1245 953 1291 1014 Et
1317 951 1502 1032 injunctum
1527 936 1585 1016 est¹

325 1056 580 1133 Archidiacono,
596 1058 750 1141 presenti,
766 1056 865 1138 quod,
881 1067 942 1120 etc.
989 1057 1114 1119 Actum
1131 1055 1240 1119 idibus
1257 1055 1390 1138 Aprilis.

324 1342 448 1407 [Walter.
462 1343 598 1410 cleptein,
609 1343 759 1410 presented
770 1343 803 1410 by
814 1343 859 1395 tlte
870 1341 959 1395 Abbot
968 1343 1031 1395 and
1044 1343 1170 1396 Convent
1183 1344 1219 1411 of
1236 1342 1385 1402 Wattltam,
1396 1345 1422 1394 is
1436 1343 1581 1396 instituted

389 1425 469 1477 vicar
482 1427 518 1492 os
528 1425 573 1476 tlte
589 1424 690 1478 churck
707 1425 742 1492 of
753 1425 807 1476 All
821 1425 925 1484 Satan,
942 1424 1085 1492 Hertsord.
1130 1424 1158 1477 A
1169 1427 1289 1492 pensiore
1307 1426 1331 1477 is
1347 1425 1478 1478 reseeved
1491 1430 1518 1477 to
1534 1426 1579 1477 tlte

389 1506 488 1572 Abbey,
526 1505 928 1574 Thevicaragecsdesm'hedl

412 1617 575 1682 vrcmm
598 1617 766 1682 Oumuu
786 1617 1024 1683 sanctonum
1047 1617 1489 1694 Helissous-walterus,
1503 1639 1578 1700 cap

325 1721 472 1804 pelanus
488 1731 696 1803 presentatus
713 1742 771 1803 per
786 1720 957 1785 Abbatem
977 1731 1011 1784 et
1031 1732 1232 1784 conventum
1249 1721 1292 1783 de
1307 1721 1430 1784 Walth'
1448 1721 1490 1783 ad
1507 1742 1577 1803 per-

325 1835 461 1907 petuam
485 1825 640 1886 vicariam
663 1823 801 1887 ecclesie
824 1823 987 1888 Omnium
1012 1824 1211 1889 Sanctorum
1238 1825 1272 1886 in
1302 1823 1474 1900 Hertl'ord,
1493 1823 1581 1886 sacta

325 1930 415 2010 prius
432 1928 644 2008 inquisitione
659 1948 718 2009 per
734 1928 801 2003 Ph,
815 1927 1098 1990 Archidiaconum
1120 1927 1386 2009 Huntingdonie,
1398 1949 1457 2010 per
1471 1947 1580 2008 quam,

326 2042 396 2107 etc,
415 2029 579 2093 admissus
600 2041 650 2092 est
671 2041 704 2094 et
725 2031 759 2092 in
780 2051 830 2106 ea,
851 2030 915 2092 sub
929 2051 1030 2094 onere
1051 2040 1086 2093 et
1108 2050 1195 2113 pena
1219 2031 1424 2106 vicariorum,
1442 2031 1580 2093 vicarius

328 2144 506 2217 perpetuus
533 2135 710 2196 institutus.
766 2134 936 2210 Consistit,
959 2143 1081 2209 autem,
1103 2134 1193 2198 dicta
1218 2134 1340 2196 vicaria
1370 2133 1403 2196 in
1426 2133 1581 2196 omnibus

328 2239 464 2300 minutis
490 2237 627 2299 decimis
654 2246 687 2300 et
713 2236 970 2300 obventionibus
993 2237 1121 2314 altaris;
1148 2237 1240 2299 salva
1261 2237 1360 2299 dictis
1390 2237 1518 2300 Abbati
1547 2247 1582 2299 et

327 2341 503 2404 conventui
535 2341 695 2422 pensione
724 2362 793 2416 sua,
815 2361 891 2403 cum
922 2361 996 2404 eam
1028 2341 1239 2423 probaverint
1268 2340 1416 2404 debitam
1447 2362 1520 2404 esse
1547 2349 1582 2403 et

327 2445 514 2524 antiqua'm;
541 2454 574 2506 et
595 2443 770 2506 sustinebit
793 2445 933 2507 vicarius
961 2445 1074 2506 omnia
1100 2464 1201 2506 onera
1225 2443 1311 2505 illius
1335 2444 1472 2506 ecclesie
1495 2441 1582 2505 ordi-

327 2548 426 2609 naria.
481 2547 526 2609 Et
565 2546 760 2609 mandatum
798 2557 849 2609 est
884 2547 974 2609 dicto
1007 2547 1253 2610 Archidiacono
1291 2568 1349 2629 per
1385 2548 1582 2629 johannem,

325 2649 490 2712 decanum
509 2649 688 2725 Hertsord',
704 2651 778 2714 viva
794 2670 884 2726 voce,
901 2659 947 2726 ut,
962 2661 1023 2713 etc.

328 2941 430 3010 [Hugh
442 2943 476 2994 de
486 2943 582 3006 Lond’‚
592 2943 670 3006 clerk,
676 2943 824 3010 presented
832 2943 865 3010 by
873 2943 919 2996 the
928 2943 1019 2995 Abbot
1027 2943 1088 2994 and
1095 2942 1262 3012 Conventos
1269 2944 1401 3007 Grestein,
1409 2946 1435 2998 is
1441 2946 1587 2998 t'rcrtituted

393 3029 420 3076 to
439 3025 484 3076 the
503 3024 603 3076 churclr
624 3025 660 3090 of
674 3025 714 3077 st.
732 3025 821 3084 Peter,
839 3024 1098 3093 Berkhampstead]

418 3135 534 3197 ΒΕΑΤΙ
569 3136 683 3197 Pactu
718 3135 1247 3216 BERKHAMPSTED.-Magister
1273 3136 1376 3218 Hugo
1400 3135 1442 3198 de
1468 3136 1583 3212 Lond'‚

329 3238 476 3313 clericus,
499 3249 708 3320 presentatus
732 3259 790 3320 per
814 3238 985 3300 Abbatem
1005 3248 1039 3301 et
1058 3249 1260 3301 conventum
1281 3239 1324 3301 de
1343 3240 1516 3322 Gresteng'
1539 3239 1581 3302 ad

329 3340 503 3404 ecclesiam
521 3340 615 3404 Beati
633 3342 720 3403 Petri
737 3341 779 3404 de
802 3341 1054 3417 Berkhamsted,
1074 3341 1162 3404 facta
1182 3343 1271 3424 prius
1293 3344 1505 3423 inquisitione
1525 3364 1584 3425 per

331 3445 398 3520 Ph,
409 3444 692 3509 Archidiaconum
709 3445 975 3527 Huntingdonie,
987 3465 1166 3526 perquam,
1177 3445 1422 3521 etc.,admissus
1437 3457 1488 3509 est
1499 3457 1533 3509 et
1549 3448 1581 3508 in

328 3569 369 3610 ea
385 3549 544 3610 canonice
560 3569 701 3629 persona
724 3550 902 3612 institutus
950 3549 996 3611 Et
1018 3548 1215 3611 mandatum
1231 3560 1282 3612 est
1301 3550 1392 3612 dicto
1408 3549 1582 3613 Archidia·

329 3671 415 3714 cono
431 3661 477 3727 ut,
492 3661 552 3714 etc.
600 3652 645 3714 Et
661 3653 847 3733 injunctum
865 3663 916 3716 est
932 3652 1022 3715 dicto
1040 3653 1202 3735 Magistro
1221 3653 1263 3716 H.
1280 3675 1323 3716 ne
1337 3654 1434 3717 dictis
1456 3655 1583 3718 Abbati

329 3765 363 3817 et
379 3755 555 3817 conventui
579 3776 677 3837 super
700 3757 810 3838 aliqua
833 3757 993 3838 pensione
1017 3756 1225 3838 respondeat,
1242 3756 1348 3820 donec
1371 3758 1582 3840 probaverint

330 3878 404 3921 eam
429 3878 501 3920 esse
524 3857 671 3921 debitam
695 3870 729 3923 et
752 3861 933 3940 antiquam.

330 4151 466 4220 [Thomas
476 4151 509 4203 de
520 4152 720 4220 Barsingham‚
732 4153 869 4219 chaplain,
878 4153 1027 4220 presented
1035 4152 1191 4220 bysordan,
1199 4159 1288 4205 rector
1295 4155 1332 4220 os
1338 4155 1504 4217 Flamstead,
1513 4155 1582 4207 with

395 4233 440 4284 tlte
456 4239 566 4286 consent
579 4236 615 4301 of
626 4235 719 4302 Ralph
736 4235 770 4287 de
790 4235 816 4285 T
812 4251 871 4302 ony,
891 4235 936 4286 tlte
946 4239 1057 4302 patron,
1076 4236 1101 4286 is
1117 4236 1263 4288 instituted
1274 4237 1354 4288 νέων
1368 4239 1399 4304 os
1415 4237 1582 4290 Flanattead.

400 4314 456 4366 The
467 4315 597 4382 vicarage
609 4317 633 4367 is
643 4316 799 4379 described]

418 4416 601 4481 VICARIUS
617 4433 666 4480 DE
684 4419 711 4479 F
714 4418 1104 4499 LAMSTED.—Magister
1123 4419 1272 4482 Thomas
1291 4420 1334 4482 de
1355 4420 1582 4502 Barsingham,

330 4519 553 4601 cappellanus,
566 4532 775 4602 presentatus
794 4542 853 4603 per
870 4521 1065 4602 Jordanum,
1079 4533 1239 4585 rectorem
1258 4524 1396 4586 ecclesie
1414 4523 1457 4586 de
1472 4523 1581 4585 Flam-

330 4621 413 4698 sted,
429 4621 471 4684 de
487 4643 649 4686 consensu
666 4625 793 4687 domini
811 4623 944 4688 Radulfi
965 4624 1007 4687 de
1023 4625 1132 4706 Tony,
1148 4626 1269 4703 militis,
1285 4626 1415 4708 patroni
1431 4626 1580 4707 ejusdem

329 4723 467 4787 ecclesie
482 4725 524 4788 ad
541 4737 734 4809 perpetuam
747 4728 905 4790 vicariam
920 4727 1059 4790 ecclesie
1073 4727 1116 4796 de
1133 4729 1312 4805 Flamsted,
1325 4729 1412 4792 sacta
1428 4730 1517 4810 prius
1533 4730 1580 4790 in-

330 4827 507 4907 quisitione
529 4849 588 4910 per
615 4830 682 4906 Ph,
706 4830 988 4892 Archidiaconum
1015 4831 1279 4914 Huntingdonie,
1299 4854 1357 4914 per
1378 4853 1489 4913 quam,
1511 4842 1582 4907 etc,

329 4928 494 4991 admissus
510 4942 605 4995 estet
622 4933 654 4995 in
671 4954 710 4996 ea
723 4934 862 4996 vicarius
875 4944 1053 5016 perpetuus
1070 4935 1247 5000 institutus
1285 4936 1453 5006 ⁴Consistit
1469 4945 1579 4999 autem
