3550 5692
338 544 407 613 194
675 521 811 604 Rotule'
834 521 1011 620 Hugene's
1035 521 1079 595 de
1113 520 1246 597 Welles

332 758 475 824 eandem
501 759 669 823 admissus
692 769 754 837 est,
775 781 852 823 cum
871 780 973 825 onere
995 770 1029 824 et
1061 779 1149 843 pena
1170 760 1377 836 vicariorum,
1399 769 1469 835 etc,
1492 759 1588 823 salvo

332 865 549 946 imposterum
572 864 645 946 jure
668 863 754 927 illius
775 864 831 947 qui
856 864 911 946 jus
935 873 1130 947 patronatus
1153 863 1287 927 evicerit
1308 863 1341 926 in
1364 862 1492 927 eadem.
1540 863 1587 926 Et

332 968 517 1049 injunctum
533 977 584 1031 est
602 967 759 1044 Roberto,
776 967 1023 1032 Archidiacono
1042 966 1225 1044 Lincolnie,
1241 967 1395 1050 presenti,
1412 977 1457 1043 ut,
1474 976 1536 1031 etc.

331 1126 486 1193 [Osbeetde
496 1127 630 1194 Nenpoet,
637 1128 733 1195 petest,
741 1127 890 1194 presented
903 1126 936 1197 by
948 1127 994 1180 the
1005 1126 1095 1180 Attor
1103 1126 1164 1179 and
1180 1126 1307 1180 Convent
1314 1126 1350 1194 of
1355 1126 1550 1185 Humberston,
1562 1127 1588 1179 is

396 1209 543 1263 instituted
550 1212 631 1263 vicar
639 1211 675 1279 os
681 1209 876 1263 Hnmberston.
914 1209 971 1261 The
982 1211 1113 1277 uicarage
1124 1210 1150 1262 is
1159 1207 1317 1274 described]

418 1321 729 1405 [H]UMBERSTE1N
758 1320 1140 1387 VlcnRIA.-Osbertus
1170 1320 1213 1385 de
1237 1321 1398 1404 Neuport‚
1421 1321 1587 1398 sacerdos,

332 1436 541 1509 presentatus
551 1448 610 1510 per
620 1426 790 1490 Abbatem
802 1437 837 1490 et
851 1436 1054 1490 conventum
1067 1425 1109 1489 de
1124 1424 1363 1488 Humberstein
1374 1424 1417 1487 ad
1428 1425 1586 1488 vicariam

330 1528 468 1592 ecclesie
491 1528 534 1591 de
560 1527 809 1605 Humberstein,
839 1528 928 1593 facta
952 1528 1041 1612 prius
1069 1528 1283 1611 inquisitione
1307 1548 1366 1610 per
1391 1527 1440 1603 R,
1466 1527 1585 1592 Archi-

330 1631 508 1695 diaconum
533 1631 714 1710 Lincolnie,
729 1654 789 1715 per
807 1652 917 1715 quam,
933 1643 1003 1709 etc,
1019 1631 1061 1695 ad
1085 1631 1227 1695 eandem
1249 1630 1413 1693 admissus
1433 1642 1484 1694 est
1507 1652 1584 1695 cum

330 1756 429 1800 onere
441 1746 475 1799 et
487 1756 573 1819 pena
584 1736 790 1813 vicariorum,
799 1745 860 1799 etc.
908 1736 953 1799 Et
966 1734 1152 1816 injunctum
1165 1745 1215 1799 est
1227 1735 1318 1797 dicto
1329 1734 1585 1813 Archidiacon0,

330 1842 485 1923 presenti,
502 1850 549 1917 ut,
563 1849 625 1904 etc.
671 1839 841 1918 Consistit,
855 1850 978 1916 autem,
994 1840 1066 1922 ipsa
1085 1839 1207 1903 vicaria
1232 1838 1264 1900 in
1289 1839 1436 1920 quinque
1464 1841 1585 1903 marcis

330 1945 448 2007 annuis
464 1943 684 2027 percipiendis
707 1964 766 2026 per
781 1963 900 2006 manus
916 1942 1061 2007 celerarii
1077 1941 1167 2005 dicte
1186 1939 1316 2019 domus,
1331 1951 1365 2004 et
1386 1942 1419 2004 in
1440 1940 1584 2006 denariis

329 2048 518 2112 missalibus
540 2058 574 2112 et
597 2049 630 2111 in
650 2047 897 2111 ostensionibus
920 2047 1165 2111 confessionum
1181 2055 1215 2119 et
1238 2046 1271 2108 in
1288 2045 1442 2109 secundis
1465 2045 1584 2129 legatis

328 2161 362 2216 et
378 2152 411 2214 in
428 2152 522 2227 tofto,
539 2152 615 2215 licet
630 2150 698 2234 [tlte
712 2160 805 2232 entry
819 2150 898 2214 ends
913 2149 1008 2234 ltere}

328 2310 467 2379 [Geoffrey
487 2308 521 2362 de
543 2309 642 2369 Estne,
658 2308 826 2372 subdeacon,
838 2309 989 2377 presented
1001 2309 1035 2377 by
1051 2309 1096 2361 tite
1112 2308 1189 2361 Earl
1202 2308 1238 2375 os
1257 2307 1370 2361 Cleester
1383 2308 1445 2360 and
1457 2308 1584 2368 Lincoln.

389 2390 535 2459 guardian
546 2391 582 2458 os
593 2391 638 2443 tire
648 2390 710 2444 heir
718 2391 754 2459 of
767 2390 874 2444 Gilbert
882 2390 915 2443 de
926 2390 1052 2454 Bolonia,
1066 2390 1091 2442 is
1106 2390 1251 2443 instituted
1267 2394 1294 2442 to
1310 2389 1355 2441 tire
1366 2390 1481 2457 medient
1491 2391 1528 2459 os
1539 2391 1585 2444 tire

392 2472 491 2526 chureii
503 2474 539 2539 os
544 2472 687 2540 Ste'cksord
694 2471 786 2525 witich
797 2472 839 2524 M.
852 2471 886 2525 de
900 2471 1018 2525 Cibeceia
1029 2471 1089 2524 had
1097 2472 1169 2525 held.
1203 2472 1248 2525 He
1259 2472 1445 2540 rtien'resegns
1455 2472 1537 2540 itfor
1545 2489 1583 2525 an

391 2554 502 2607 annual
504 2556 640 2621 paynrent
648 2554 684 2621 os
687 2554 764 2621 ferty
773 2553 932 2622 chidings]

415 2655 865 2721 STIKEFORD’.-—Galsridus
896 2657 939 2720 de
970 2656 1096 2733 Eston',
1118 2656 1351 2733 subdiaconus,
1375 2666 1585 2739 presentatus

328 2780 387 2843 per
411 2760 460 2836 R,
485 2759 651 2823 Comitem
676 2758 804 2823 Cestrie
830 2770 864 2823 et
893 2760 1075 2837 Lincolnie,
1102 2760 1229 2824 ratione
1255 2759 1405 2823 custodie
1435 2771 1520 2824 terre
1550 2770 1584 2824 et

327 2863 457 2927 heredis
480 2863 650 2944 quondam
674 2863 814 2928 Gilberti
841 2864 884 2927 de
910 2863 1058 2941 Bolonia,
1074 2863 1116 2927 ad
1143 2863 1357 2927 medietatem
1380 2865 1518 2928 ecclesie
1541 2864 1585 2928 de

329 2966 515 3043 Stikesord’,
530 2987 631 3049 quam
650 2968 695 3030 M.
711 2966 755 3031 de
770 2967 925 3032 Cibcceia
948 2968 1067 3031 ultimo
1089 2969 1206 3044 tenuit,
1222 2968 1311 3032 facta
1334 2969 1424 3050 prius
1447 2969 1583 3051 inquisi-

327 3072 418 3135 tione
441 3091 501 3154 per
516 3072 565 3148 R,
582 3070 865 3135 Archidiaconum
892 3071 1074 3148 Lincolnie,
1089 3093 1148 3155 per
1162 3092 1273 3155 quam,
1288 3082 1359 3149 etc,
1374 3071 1417 3135 ad
1440 3072 1582 3136 eandem

328 3173 492 3237 admissus
522 3184 573 3237 est
604 3174 829 3252 medietatem,
858 3185 920 3238 etc.
968 3174 1013 3239 Et
1043 3176 1231 3257 injunctum
1261 3185 1313 3239 est
1343 3175 1434 3239 dicto
1465 3175 1584 3239 Archi-

327 3277 470 3340 diacono
506 3277 686 3354 Lincolnie,
721 3299 780 3361 per
814 3299 926 3359 quam,
959 3289 1030 3356 etc,
1065 3279 1108 3342 ad
1149 3278 1291 3343 eandem
1329 3278 1494 3341 admissus
1533 3288 1584 3343 est

328 3382 553 3457 medietatem,
573 3390 634 3445 etc.
681 3381 727 3445 Et
751 3382 938 3464 injunctum
961 3393 1013 3447 est
1036 3382 1128 3447 dicto
1152 3382 1407 3459 Archidiacon0,
1430 3383 1584 3465 presenti,

328 3494 374 3561 ut,
389 3494 450 3548 etc.
497 3485 625 3562 Dictus,
641 3495 763 3562 autem,
779 3486 949 3551 Galfridus
964 3488 1007 3551 de
1027 3487 1160 3551 licentia
1175 3497 1209 3550 et
1224 3488 1258 3549 in
1274 3487 1440 3569 presentia
1455 3485 1582 3549 domini

329 3590 489 3671 Episcopi
522 3588 647 3654 dictam
682 3590 897 3654 medietatem
936 3592 1100 3655 concessit
1137 3602 1172 3655 et
1208 3590 1334 3653 dimisit
1371 3588 1415 3652 ad
1452 3588 1582 3653 firmam

329 3692 509 3770 Willelmo,
539 3694 712 3777 capellano
745 3695 789 3758 de
823 3695 931 3772 Luda,
962 3694 1151 3759 medietatis
1189 3694 1324 3759 alterius
1361 3694 1489 3771 rectori,
1524 3714 1583 3777 pro

330 3796 553 3879 quadraginta
582 3797 697 3860 solidis
728 3798 866 3880 singulis
897 3798 993 3861 annis
1024 3798 1135 3880 quoad
1167 3798 1229 3881 ipsi
1255 3797 1294 3862 G.
1318 3807 1353 3861 et
1380 3797 1440 3861 W„
1455 3797 1582 3861 dictam

331 3900 477 3964 rexerint
492 3900 665 3964 ecclesiam
677 3901 768 3964 dicto
778 3901 817 3967 G.
828 3902 1004 3965 solvendis.
1052 3903 1259 3966 Memoratus
1271 3910 1383 3965 autem
1395 3899 1583 3965 Willelmus

330 4003 461 4066 iuterim
478 4004 592 4067 omnia
607 4023 709 4067 onera
724 4004 891 4068 ordinaria
905 4004 995 4069 dicte
1003 4004 1141 4069 ecclesie
1157 4004 1385 4068 incumbentia
1398 4004 1582 4068 sustinebit

329 4160 432 4228 [Hugh
444 4160 478 4213 de
493 4160 672 4230 Wellingour,
685 4162 822 4230 etreplain,
830 4164 980 4230 presented
993 4164 1027 4231 by
1038 4164 1083 4215 the
1093 4164 1181 4217 Prior
1189 4162 1250 4215 and
1267 4162 1439 4231 Conventus
1449 4163 1547 4231 Kyme,
1559 4164 1583 4216 is

393 4242 539 4295 e'restitnted
546 4244 626 4296 ve'car
634 4244 670 4311 os
675 4243 914 4312 Metheringleam.
953 4245 979 4296 T
975 4245 1009 4297 lte
1019 4246 1151 4313 vicarage
1162 4246 1187 4298 is
1197 4243 1353 4308 described]

418 4344 740 4408 METHERINGHAM
757 4346 1081 4429 VICAR1n.—Hugo
1093 4347 1136 4411 de
1148 4346 1373 4429 Wellingour’,
1383 4346 1583 4429 capellanus

329 4457 539 4531 presentatus
569 4469 628 4531 per
659 4449 805 4513 Priorem
836 4459 870 4513 et
900 4460 1103 4514 conventum
1133 4451 1176 4515 de
1207 4451 1322 4534 Kyma
1352 4450 1395 4514 ad
1425 4452 1582 4514 vicariam

329 4552 467 4616 ecclesie
492 4550 535 4615 de
561 4552 821 4635 Methringham,
844 4554 933 4617 facta
958 4555 1047 4637 prius
1074 4555 1288 4638 inquisitione
1312 4575 1370 4638 per
1393 4556 1442 4632 R,
1465 4555 1583 4619 Archi-

329 4656 507 4719 diaconum
532 4656 713 4732 Lincolnie‚
730 4677 913 4739 perquam,
929 4669 999 4735 etc,
1014 4658 1058 4721 ad
1081 4659 1222 4723 eandem
1246 4659 1410 4722 admissus
1432 4667 1484 4722 est
1506 4681 1582 4723 cum

330 4779 430 4822 onere
452 4768 486 4822 et
509 4779 596 4840 pena
626 4760 833 4837 vicariorum,
854 4771 916 4824 etc.
964 4761 1009 4825 Et
1040 4762 1236 4826 mandatum
1266 4773 1317 4826 est
1347 4761 1438 4825 dicto
1464 4762 1582 4826 Archi-

330 4863 471 4926 diacono
487 4874 533 4940 ut,
544 4872 604 4927 etc.
651 4865 821 4942 Consistit,
832 4875 954 4943 autem,
967 4866 1038 4949 ipsa
1050 4867 1171 4931 vicaria
1187 4868 1219 4931 in
1235 4876 1308 4930 toto
1323 4866 1484 4949 alteragio
1499 4877 1533 4930 et
1549 4868 1582 4929 in

331 4988 448 5031 manso
462 4968 666 5051 competenti
681 4969 860 5051 assignato.
