<?xml version="1.0" encoding="UTF-8"?>
<!DOCTYPE html PUBLIC "-//W3C//DTD XHTML 1.0 Transitional//EN"
    "http://www.w3.org/TR/xhtml1/DTD/xhtml1-transitional.dtd">
<html xmlns="http://www.w3.org/1999/xhtml" xml:lang="en" lang="en">
 <head>
  <title>
</title>
<meta http-equiv="Content-Type" content="text/html;charset=utf-8" />
  <meta name='ocr-system' content='tesseract 3.04.00' />
  <meta name='ocr-capabilities' content='ocr_page ocr_carea ocr_par ocr_line ocrx_word'/>
</head>
<body>
  <div class='ocr_page' id='page_1' title='image "./rotulihugonisde01davigoog_0162.png"; bbox 0 0 3550 5692; ppageno 0'>
   <div class='ocr_carea' id='block_1_1' title="bbox 585 522 1452 621">
    <p class='ocr_par' dir='ltr' id='par_1_1' title="bbox 585 522 1452 621">
     <span class='ocr_line' id='line_1_1' title="bbox 585 522 1452 621; baseline 0.001 -26"><span class='ocrx_word' id='word_1_1' title='bbox 585 523 764 621; x_wconf 74' lang='lat' dir='ltr'><em>Episcopi</em></span> <span class='ocrx_word' id='word_1_2' title='bbox 794 522 1077 596; x_wconf 81' lang='lat' dir='ltr'>Lincolnz&#39;ensis.</span> <span class='ocrx_word' id='word_1_3' title='bbox 1389 545 1452 617; x_wconf 83' lang='lat'>151</span> 
     </span>
    </p>
   </div>
   <div class='ocr_carea' id='block_1_2' title="bbox 207 755 1084 825">
    <p class='ocr_par' dir='ltr' id='par_1_2' title="bbox 207 755 1084 825">
     <span class='ocr_line' id='line_1_2' title="bbox 207 755 1084 825; baseline 0 -16"><span class='ocrx_word' id='word_1_4' title='bbox 207 757 310 825; x_wconf 73' lang='lat' dir='ltr'>[naam</span> <span class='ocrx_word' id='word_1_5' title='bbox 321 757 355 810; x_wconf 79' lang='lat' dir='ltr'>a</span> <span class='ocrx_word' id='word_1_6' title='bbox 365 756 484 818; x_wconf 74' lang='lat' dir='ltr'>Suana.</span> <span class='ocrx_word' id='word_1_7' title='bbox 499 757 587 818; x_wconf 68' lang='lat' dir='ltr'>mona.</span> <span class='ocrx_word' id='word_1_8' title='bbox 601 758 627 809; x_wconf 75' lang='lat' dir='ltr'>a</span> <span class='ocrx_word' id='word_1_9' title='bbox 635 756 877 809; x_wconf 61' lang='lat' dir='ltr'>tuscanam</span> <span class='ocrx_word' id='word_1_10' title='bbox 885 757 921 824; x_wconf 81' lang='lat' dir='ltr'>of</span> <span class='ocrx_word' id='word_1_11' title='bbox 932 755 1084 825; x_wconf 64' lang='lat' dir='ltr'>inum]</span> 
     </span>
    </p>
   </div>
   <div class='ocr_carea' id='block_1_3' title="bbox 204 874 1459 1577">
    <p class='ocr_par' dir='ltr' id='par_1_3' title="bbox 204 874 1459 1577">
     <span class='ocr_line' id='line_1_3' title="bbox 291 874 1458 957; baseline 0 -20"><span class='ocrx_word' id='word_1_12' title='bbox 291 874 522 957; x_wconf 84' lang='lat' dir='ltr'><strong>[PRIORATUS</strong></span> <span class='ocrx_word' id='word_1_13' title='bbox 534 890 584 937; x_wconf 85' lang='lat' dir='ltr'>DE</span> <span class='ocrx_word' id='word_1_14' title='bbox 595 874 1046 957; x_wconf 80' lang='lat' dir='ltr'>WILLEFORTH’.]—Adam</span> <span class='ocrx_word' id='word_1_15' title='bbox 1059 874 1102 939; x_wconf 92' lang='lat' dir='ltr'>de</span> <span class='ocrx_word' id='word_1_16' title='bbox 1115 874 1255 951; x_wconf 89' lang='lat' dir='ltr'>Subiria,</span> <span class='ocrx_word' id='word_1_17' title='bbox 1266 875 1458 950; x_wconf 71' lang='lat' dir='ltr'>monachus</span> 
     </span>
     <span class='ocr_line' id='line_1_4' title="bbox 206 976 1455 1060; baseline 0 -21"><span class='ocrx_word' id='word_1_18' title='bbox 206 987 413 1059; x_wconf 87' lang='lat' dir='ltr'>presentatus</span> <span class='ocrx_word' id='word_1_19' title='bbox 429 998 489 1060; x_wconf 90' lang='lat' dir='ltr'>per</span> <span class='ocrx_word' id='word_1_20' title='bbox 504 978 649 1041; x_wconf 87' lang='lat' dir='ltr'>Priorem</span> <span class='ocrx_word' id='word_1_21' title='bbox 665 988 700 1041; x_wconf 91' lang='lat' dir='ltr'>et</span> <span class='ocrx_word' id='word_1_22' title='bbox 715 987 917 1041; x_wconf 91' lang='lat' dir='ltr'>conventum</span> <span class='ocrx_word' id='word_1_23' title='bbox 933 977 976 1041; x_wconf 91' lang='lat' dir='ltr'>de</span> <span class='ocrx_word' id='word_1_24' title='bbox 995 976 1197 1041; x_wconf 88' lang='lat' dir='ltr'>Everinodio</span> <span class='ocrx_word' id='word_1_25' title='bbox 1212 976 1255 1041; x_wconf 90' lang='lat' dir='ltr'>ad</span> <span class='ocrx_word' id='word_1_26' title='bbox 1273 977 1455 1060; x_wconf 88' lang='lat' dir='ltr'>prioratum</span> 
     </span>
     <span class='ocr_line' id='line_1_5' title="bbox 206 1079 1457 1157; baseline 0.001 -15"><span class='ocrx_word' id='word_1_27' title='bbox 206 1079 246 1143; x_wconf 89' lang='lat' dir='ltr'>de</span> <span class='ocrx_word' id='word_1_28' title='bbox 261 1079 459 1143; x_wconf 84' lang='lat' dir='ltr'>Willesorth’</span> <span class='ocrx_word' id='word_1_29' title='bbox 475 1081 509 1143; x_wconf 90' lang='lat' dir='ltr'>in</span> <span class='ocrx_word' id='word_1_30' title='bbox 525 1080 631 1143; x_wconf 82' lang='lat' dir='ltr'>forma</span> <span class='ocrx_word' id='word_1_31' title='bbox 646 1079 768 1157; x_wconf 90' lang='lat' dir='ltr'>debita,</span> <span class='ocrx_word' id='word_1_32' title='bbox 784 1100 920 1144; x_wconf 91' lang='lat' dir='ltr'>assensu</span> <span class='ocrx_word' id='word_1_33' title='bbox 938 1080 1083 1143; x_wconf 88' lang='lat' dir='ltr'>Abbatis</span> <span class='ocrx_word' id='word_1_34' title='bbox 1095 1080 1137 1143; x_wconf 90' lang='lat' dir='ltr'>de</span> <span class='ocrx_word' id='word_1_35' title='bbox 1154 1081 1262 1144; x_wconf 89' lang='lat' dir='ltr'>Becco</span> <span class='ocrx_word' id='word_1_36' title='bbox 1278 1080 1457 1144; x_wconf 85' lang='lat' dir='ltr'>literatorie</span> 
     </span>
     <span class='ocr_line' id='line_1_6' title="bbox 205 1183 1458 1270; baseline 0.001 -25"><span class='ocrx_word' id='word_1_37' title='bbox 205 1183 452 1270; x_wconf 81' lang='lat' dir='ltr'>interveniente,</span> <span class='ocrx_word' id='word_1_38' title='bbox 475 1183 518 1247; x_wconf 88' lang='lat' dir='ltr'>ad</span> <span class='ocrx_word' id='word_1_39' title='bbox 541 1184 684 1248; x_wconf 91' lang='lat' dir='ltr'>eundern</span> <span class='ocrx_word' id='word_1_40' title='bbox 709 1185 891 1266; x_wconf 88' lang='lat' dir='ltr'>prioratum</span> <span class='ocrx_word' id='word_1_41' title='bbox 915 1183 1080 1248; x_wconf 88' lang='lat' dir='ltr'>admissus</span> <span class='ocrx_word' id='word_1_42' title='bbox 1096 1195 1156 1261; x_wconf 90' lang='lat' dir='ltr'>est,</span> <span class='ocrx_word' id='word_1_43' title='bbox 1171 1194 1213 1261; x_wconf 90' lang='lat' dir='ltr'>et,</span> <span class='ocrx_word' id='word_1_44' title='bbox 1229 1194 1266 1247; x_wconf 94' lang='lat' dir='ltr'>ut</span> <span class='ocrx_word' id='word_1_45' title='bbox 1283 1186 1382 1247; x_wconf 90' lang='lat' dir='ltr'>moris</span> <span class='ocrx_word' id='word_1_46' title='bbox 1398 1193 1458 1260; x_wconf 90' lang='lat' dir='ltr'>est,</span> 
     </span>
     <span class='ocr_line' id='line_1_7' title="bbox 206 1288 1455 1370; baseline 0.002 -21"><span class='ocrx_word' id='word_1_47' title='bbox 206 1289 298 1350; x_wconf 89' lang='lat' dir='ltr'>Prior</span> <span class='ocrx_word' id='word_1_48' title='bbox 312 1290 345 1350; x_wconf 90' lang='lat' dir='ltr'>in</span> <span class='ocrx_word' id='word_1_49' title='bbox 361 1310 401 1351; x_wconf 90' lang='lat' dir='ltr'>eo</span> <span class='ocrx_word' id='word_1_50' title='bbox 417 1309 476 1370; x_wconf 90' lang='lat' dir='ltr'>per</span> <span class='ocrx_word' id='word_1_51' title='bbox 490 1288 610 1351; x_wconf 92' lang='lat' dir='ltr'>librum</span> <span class='ocrx_word' id='word_1_52' title='bbox 626 1299 678 1351; x_wconf 88' lang='lat' dir='ltr'>est</span> <span class='ocrx_word' id='word_1_53' title='bbox 693 1289 873 1365; x_wconf 86' lang='lat' dir='ltr'>institutus,</span> <span class='ocrx_word' id='word_1_54' title='bbox 882 1288 1082 1370; x_wconf 74' lang='lat' dir='ltr'>juramento</span> <span class='ocrx_word' id='word_1_55' title='bbox 1095 1298 1155 1351; x_wconf 89' lang='lat' dir='ltr'>etc.</span> <span class='ocrx_word' id='word_1_56' title='bbox 1204 1289 1248 1352; x_wconf 90' lang='lat' dir='ltr'>Et</span> <span class='ocrx_word' id='word_1_57' title='bbox 1259 1289 1455 1352; x_wconf 90' lang='lat' dir='ltr'>mandatum</span> 
     </span>
     <span class='ocr_line' id='line_1_8' title="bbox 204 1391 1459 1474; baseline 0 -20"><span class='ocrx_word' id='word_1_58' title='bbox 204 1401 254 1454; x_wconf 91' lang='lat' dir='ltr'>est</span> <span class='ocrx_word' id='word_1_59' title='bbox 275 1391 522 1455; x_wconf 86' lang='lat' dir='ltr'>Archidiacono</span> <span class='ocrx_word' id='word_1_60' title='bbox 543 1392 715 1455; x_wconf 92' lang='lat' dir='ltr'>Lincolnie</span> <span class='ocrx_word' id='word_1_61' title='bbox 735 1403 771 1456; x_wconf 93' lang='lat' dir='ltr'>ut</span> <span class='ocrx_word' id='word_1_62' title='bbox 794 1393 827 1454; x_wconf 93' lang='lat' dir='ltr'>in</span> <span class='ocrx_word' id='word_1_63' title='bbox 847 1393 908 1454; x_wconf 91' lang='lat' dir='ltr'>hac</span> <span class='ocrx_word' id='word_1_64' title='bbox 925 1402 1019 1474; x_wconf 88' lang='lat' dir='ltr'>parte</span> <span class='ocrx_word' id='word_1_65' title='bbox 1034 1391 1124 1474; x_wconf 90' lang='lat' dir='ltr'>quod</span> <span class='ocrx_word' id='word_1_66' title='bbox 1142 1412 1238 1454; x_wconf 90' lang='lat' dir='ltr'>suum</span> <span class='ocrx_word' id='word_1_67' title='bbox 1256 1402 1306 1455; x_wconf 90' lang='lat' dir='ltr'>est</span> <span class='ocrx_word' id='word_1_68' title='bbox 1321 1391 1459 1455; x_wconf 89' lang='lat' dir='ltr'>ulterius</span> 
     </span>
     <span class='ocr_line' id='line_1_9' title="bbox 204 1507 396 1577; baseline 0.005 -20"><span class='ocrx_word' id='word_1_69' title='bbox 204 1507 396 1577; x_wconf 88' lang='lat' dir='ltr'>exequatur.</span> 
     </span>
    </p>
   </div>
   <div class='ocr_carea' id='block_1_4' title="bbox 204 1680 1463 1832">
    <p class='ocr_par' dir='ltr' id='par_1_4' title="bbox 204 1680 1463 1832">
     <span class='ocr_line' id='line_1_10' title="bbox 204 1680 1463 1750; baseline 0.002 -19"><span class='ocrx_word' id='word_1_70' title='bbox 204 1680 343 1748; x_wconf 81' lang='lat' dir='ltr'>[Wlliam</span> <span class='ocrx_word' id='word_1_71' title='bbox 362 1682 396 1734; x_wconf 83' lang='lat' dir='ltr'>de</span> <span class='ocrx_word' id='word_1_72' title='bbox 414 1682 579 1745; x_wconf 84' lang='lat' dir='ltr'>Kukewala&#39;,</span> <span class='ocrx_word' id='word_1_73' title='bbox 600 1683 688 1735; x_wconf 79' lang='lat' dir='ltr'>Prior</span> <span class='ocrx_word' id='word_1_74' title='bbox 709 1683 745 1749; x_wconf 91' lang='lat' dir='ltr'>of</span> <span class='ocrx_word' id='word_1_75' title='bbox 757 1680 964 1745; x_wconf 78' lang='lat' dir='ltr'>Humierstone‚</span> <span class='ocrx_word' id='word_1_76' title='bbox 991 1682 1016 1733; x_wconf 82' lang='lat' dir='ltr'>is</span> <span class='ocrx_word' id='word_1_77' title='bbox 1038 1682 1190 1750; x_wconf 80' lang='lat' dir='ltr'>confirmed</span> <span class='ocrx_word' id='word_1_78' title='bbox 1208 1682 1269 1733; x_wconf 87' lang='lat' dir='ltr'>and</span> <span class='ocrx_word' id='word_1_79' title='bbox 1292 1681 1463 1735; x_wconf 78' lang='lat' dir='ltr'><em>consecrated</em></span> 
     </span>
     <span class='ocr_line' id='line_1_11' title="bbox 268 1763 559 1832; baseline 0.007 -18"><span class='ocrx_word' id='word_1_80' title='bbox 268 1763 357 1815; x_wconf 75' lang='lat' dir='ltr'>Abin</span> <span class='ocrx_word' id='word_1_81' title='bbox 366 1765 403 1831; x_wconf 85' lang='lat' dir='ltr'>of</span> <span class='ocrx_word' id='word_1_82' title='bbox 408 1764 453 1816; x_wconf 81' lang='lat' dir='ltr'>the</span> <span class='ocrx_word' id='word_1_83' title='bbox 463 1764 559 1832; x_wconf 75' lang='lat' dir='ltr'>sama]</span> 
     </span>
    </p>
   </div>
   <div class='ocr_carea' id='block_1_5' title="bbox 201 1897 1460 2915">
    <p class='ocr_par' dir='ltr' id='par_1_5' title="bbox 201 1897 1460 2915">
     <span class='ocr_line' id='line_1_12' title="bbox 290 1897 1458 1982; baseline -0.001 -21"><span class='ocrx_word' id='word_1_84' title='bbox 290 1899 477 1982; x_wconf 72' lang='grc' dir='ltr'>[ΑΒΒΑΤΙΑ</span> <span class='ocrx_word' id='word_1_85' title='bbox 499 1914 550 1961; x_wconf 80' lang='lat' dir='ltr'>aa</span> <span class='ocrx_word' id='word_1_86' title='bbox 575 1899 1044 1982; x_wconf 79' lang='lat' dir='ltr'>HuMauRsTA1N.]-Frater</span> <span class='ocrx_word' id='word_1_87' title='bbox 1067 1898 1254 1963; x_wconf 89' lang='lat' dir='ltr'>Willelmus</span> <span class='ocrx_word' id='word_1_88' title='bbox 1277 1899 1320 1961; x_wconf 88' lang='lat' dir='ltr'>de</span> <span class='ocrx_word' id='word_1_89' title='bbox 1344 1897 1458 1961; x_wconf 87' lang='lat' dir='ltr'>Kuke-</span> 
     </span>
     <span class='ocr_line' id='line_1_13' title="bbox 203 2003 1457 2079; baseline -0.002 -14"><span class='ocrx_word' id='word_1_90' title='bbox 203 2003 298 2079; x_wconf 90' lang='lat' dir='ltr'>wald,</span> <span class='ocrx_word' id='word_1_91' title='bbox 328 2014 407 2067; x_wconf 92' lang='lat' dir='ltr'>tunc</span> <span class='ocrx_word' id='word_1_92' title='bbox 440 2005 532 2067; x_wconf 86' lang='lat' dir='ltr'>Prior</span> <span class='ocrx_word' id='word_1_93' title='bbox 561 2004 605 2068; x_wconf 92' lang='lat' dir='ltr'>de</span> <span class='ocrx_word' id='word_1_94' title='bbox 637 2004 886 2079; x_wconf 89' lang='lat' dir='ltr'>Humberstain‚</span> <span class='ocrx_word' id='word_1_95' title='bbox 917 2004 1066 2065; x_wconf 92' lang='lat' dir='ltr'>unanimi</span> <span class='ocrx_word' id='word_1_96' title='bbox 1105 2022 1241 2065; x_wconf 90' lang='lat' dir='ltr'>assensu</span> <span class='ocrx_word' id='word_1_97' title='bbox 1272 2013 1457 2065; x_wconf 88' lang='lat' dir='ltr'>conventus</span> 
     </span>
     <span class='ocr_line' id='line_1_14' title="bbox 202 2105 1458 2189; baseline -0.001 -21"><span class='ocrx_word' id='word_1_98' title='bbox 202 2106 327 2169; x_wconf 89' lang='lat' dir='ltr'>ibidem</span> <span class='ocrx_word' id='word_1_99' title='bbox 352 2106 477 2169; x_wconf 89' lang='lat' dir='ltr'>electus</span> <span class='ocrx_word' id='word_1_100' title='bbox 508 2108 541 2170; x_wconf 92' lang='lat' dir='ltr'>in</span> <span class='ocrx_word' id='word_1_101' title='bbox 566 2107 737 2170; x_wconf 84' lang='lat' dir='ltr'>Abbatem</span> <span class='ocrx_word' id='word_1_102' title='bbox 764 2106 914 2189; x_wconf 88' lang='lat' dir='ltr'>ejusdem</span> <span class='ocrx_word' id='word_1_103' title='bbox 940 2106 1069 2183; x_wconf 80' lang='lat' dir='ltr'>domuS,</span> <span class='ocrx_word' id='word_1_104' title='bbox 1096 2105 1232 2170; x_wconf 84' lang='lat' dir='ltr'>licencia</span> <span class='ocrx_word' id='word_1_105' title='bbox 1258 2115 1293 2168; x_wconf 91' lang='lat' dir='ltr'>et</span> <span class='ocrx_word' id='word_1_106' title='bbox 1323 2125 1458 2168; x_wconf 88' lang='lat' dir='ltr'>assensu</span> 
     </span>
     <span class='ocr_line' id='line_1_15' title="bbox 203 2208 1459 2291; baseline -0.001 -19"><span class='ocrx_word' id='word_1_107' title='bbox 203 2210 324 2273; x_wconf 91' lang='lat' dir='ltr'>nobilis</span> <span class='ocrx_word' id='word_1_108' title='bbox 335 2211 393 2273; x_wconf 90' lang='lat' dir='ltr'>viri</span> <span class='ocrx_word' id='word_1_109' title='bbox 409 2210 536 2274; x_wconf 91' lang='lat' dir='ltr'>domini</span> <span class='ocrx_word' id='word_1_110' title='bbox 554 2211 694 2276; x_wconf 91' lang='lat' dir='ltr'>Comitis</span> <span class='ocrx_word' id='word_1_111' title='bbox 712 2211 839 2276; x_wconf 88' lang='lat' dir='ltr'>Cestrie</span> <span class='ocrx_word' id='word_1_112' title='bbox 850 2221 885 2274; x_wconf 91' lang='lat' dir='ltr'>et</span> <span class='ocrx_word' id='word_1_113' title='bbox 902 2210 1084 2286; x_wconf 88' lang='lat' dir='ltr'>Lincolnie,</span> <span class='ocrx_word' id='word_1_114' title='bbox 1097 2210 1238 2291; x_wconf 86' lang='lat' dir='ltr'>patroni,</span> <span class='ocrx_word' id='word_1_115' title='bbox 1250 2208 1293 2271; x_wconf 94' lang='lat' dir='ltr'>ad</span> <span class='ocrx_word' id='word_1_116' title='bbox 1310 2208 1343 2271; x_wconf 94' lang='lat' dir='ltr'>id</span> <span class='ocrx_word' id='word_1_117' title='bbox 1360 2210 1459 2273; x_wconf 92' lang='lat' dir='ltr'>inter-</span> 
     </span>
     <span class='ocr_line' id='line_1_16' title="bbox 201 2312 1460 2405; baseline -0.002 -29"><span class='ocrx_word' id='word_1_118' title='bbox 201 2313 411 2377; x_wconf 89' lang='lat' dir='ltr'>venientibus</span> <span class='ocrx_word' id='word_1_119' title='bbox 424 2336 431 2391; x_wconf 91' lang='grc'>;</span> <span class='ocrx_word' id='word_1_120' title='bbox 455 2324 489 2377; x_wconf 91' lang='lat' dir='ltr'>et</span> <span class='ocrx_word' id='word_1_121' title='bbox 513 2312 601 2377; x_wconf 85' lang='lat' dir='ltr'>facta</span> <span class='ocrx_word' id='word_1_122' title='bbox 625 2314 761 2378; x_wconf 90' lang='lat' dir='ltr'>demum</span> <span class='ocrx_word' id='word_1_123' title='bbox 776 2314 1000 2405; x_wconf 59' lang='lat' dir='ltr'>inquisitione</span> <span class='ocrx_word' id='word_1_124' title='bbox 1023 2323 1057 2376; x_wconf 88' lang='lat' dir='ltr'>et</span> <span class='ocrx_word' id='word_1_125' title='bbox 1084 2313 1334 2376; x_wconf 86' lang='lat' dir='ltr'>examinatione</span> <span class='ocrx_word' id='word_1_126' title='bbox 1361 2333 1460 2395; x_wconf 90' lang='lat' dir='ltr'>super</span> 
     </span>
     <span class='ocr_line' id='line_1_17' title="bbox 202 2415 1459 2500; baseline -0.002 -19"><span class='ocrx_word' id='word_1_127' title='bbox 202 2418 365 2481; x_wconf 86' lang='lat' dir='ltr'>electione</span> <span class='ocrx_word' id='word_1_128' title='bbox 381 2418 531 2500; x_wconf 89' lang='lat' dir='ltr'>predicta</span> <span class='ocrx_word' id='word_1_129' title='bbox 548 2418 732 2481; x_wconf 91' lang='lat' dir='ltr'>secundum</span> <span class='ocrx_word' id='word_1_130' title='bbox 756 2417 912 2482; x_wconf 87' lang='lat' dir='ltr'>articulos</span> <span class='ocrx_word' id='word_1_131' title='bbox 935 2427 1112 2481; x_wconf 90' lang='lat' dir='ltr'>consuetos</span> <span class='ocrx_word' id='word_1_132' title='bbox 1136 2437 1194 2499; x_wconf 92' lang='lat' dir='ltr'>per</span> <span class='ocrx_word' id='word_1_133' title='bbox 1219 2418 1268 2493; x_wconf 68' lang='lat' dir='ltr'>R„</span> <span class='ocrx_word' id='word_1_134' title='bbox 1284 2415 1459 2479; x_wconf 85' lang='lat' dir='ltr'>Archidia-</span> 
     </span>
     <span class='ocr_line' id='line_1_18' title="bbox 202 2519 1459 2603; baseline -0.002 -20"><span class='ocrx_word' id='word_1_135' title='bbox 202 2542 324 2583; x_wconf 91' lang='lat' dir='ltr'>conum</span> <span class='ocrx_word' id='word_1_136' title='bbox 343 2520 524 2597; x_wconf 84' lang='lat' dir='ltr'>Lincolnie,</span> <span class='ocrx_word' id='word_1_137' title='bbox 547 2531 626 2584; x_wconf 92' lang='lat' dir='ltr'>tunc</span> <span class='ocrx_word' id='word_1_138' title='bbox 650 2520 837 2585; x_wconf 88' lang='lat' dir='ltr'>Officialem</span> <span class='ocrx_word' id='word_1_139' title='bbox 862 2522 1000 2583; x_wconf 90' lang='lat' dir='ltr'>Domini</span> <span class='ocrx_word' id='word_1_140' title='bbox 1026 2520 1184 2603; x_wconf 89' lang='lat' dir='ltr'>Episcopi</span> <span class='ocrx_word' id='word_1_141' title='bbox 1209 2519 1459 2594; x_wconf 91' lang='lat' dir='ltr'>Lincolniensis,</span> 
     </span>
     <span class='ocr_line' id='line_1_19' title="bbox 203 2623 1459 2707; baseline -0.002 -20"><span class='ocrx_word' id='word_1_142' title='bbox 203 2646 262 2707; x_wconf 89' lang='lat' dir='ltr'>per</span> <span class='ocrx_word' id='word_1_143' title='bbox 277 2645 351 2706; x_wconf 89' lang='lat' dir='ltr'>que,</span> <span class='ocrx_word' id='word_1_144' title='bbox 365 2635 436 2701; x_wconf 82' lang='lat' dir='ltr'>etc,</span> <span class='ocrx_word' id='word_1_145' title='bbox 452 2624 667 2688; x_wconf 89' lang='lat' dir='ltr'>confirmatus</span> <span class='ocrx_word' id='word_1_146' title='bbox 690 2636 749 2701; x_wconf 89' lang='lat' dir='ltr'>est,</span> <span class='ocrx_word' id='word_1_147' title='bbox 772 2635 806 2689; x_wconf 94' lang='lat' dir='ltr'>et</span> <span class='ocrx_word' id='word_1_148' title='bbox 829 2646 888 2707; x_wconf 89' lang='lat' dir='ltr'>per</span> <span class='ocrx_word' id='word_1_149' title='bbox 911 2625 1097 2687; x_wconf 91' lang='lat' dir='ltr'>Dominum</span> <span class='ocrx_word' id='word_1_150' title='bbox 1119 2624 1324 2706; x_wconf 87' lang='lat' dir='ltr'>Episcopum</span> <span class='ocrx_word' id='word_1_151' title='bbox 1342 2623 1459 2686; x_wconf 89' lang='lat' dir='ltr'>Abbas</span> 
     </span>
     <span class='ocr_line' id='line_1_20' title="bbox 202 2726 1458 2792; baseline -0.002 -1"><span class='ocrx_word' id='word_1_152' title='bbox 202 2739 422 2791; x_wconf 83' lang='lat' dir='ltr'>consecratus</span> <span class='ocrx_word' id='word_1_153' title='bbox 459 2730 504 2792; x_wconf 90' lang='lat' dir='ltr'>Et</span> <span class='ocrx_word' id='word_1_154' title='bbox 517 2729 714 2792; x_wconf 91' lang='lat' dir='ltr'>mandatum</span> <span class='ocrx_word' id='word_1_155' title='bbox 726 2739 777 2791; x_wconf 88' lang='lat' dir='ltr'>est</span> <span class='ocrx_word' id='word_1_156' title='bbox 790 2728 1036 2792; x_wconf 86' lang='lat' dir='ltr'>Archidiaeono</span> <span class='ocrx_word' id='word_1_157' title='bbox 1048 2738 1085 2791; x_wconf 93' lang='lat' dir='ltr'>ut</span> <span class='ocrx_word' id='word_1_158' title='bbox 1097 2728 1183 2790; x_wconf 92' lang='lat' dir='ltr'>circa</span> <span class='ocrx_word' id='word_1_159' title='bbox 1199 2726 1458 2791; x_wconf 85' lang='lat' dir='ltr'>installationem</span> 
     </span>
     <span class='ocr_line' id='line_1_21' title="bbox 203 2831 1124 2915; baseline -0.001 -21"><span class='ocrx_word' id='word_1_160' title='bbox 203 2853 300 2895; x_wconf 89' lang='lat' dir='ltr'>suam</span> <span class='ocrx_word' id='word_1_161' title='bbox 317 2843 351 2895; x_wconf 89' lang='lat' dir='ltr'>et</span> <span class='ocrx_word' id='word_1_162' title='bbox 367 2831 431 2895; x_wconf 90' lang='lat' dir='ltr'>alia</span> <span class='ocrx_word' id='word_1_163' title='bbox 446 2832 536 2915; x_wconf 92' lang='lat' dir='ltr'>quod</span> <span class='ocrx_word' id='word_1_164' title='bbox 553 2853 649 2894; x_wconf 91' lang='lat' dir='ltr'>suum</span> <span class='ocrx_word' id='word_1_165' title='bbox 667 2832 763 2894; x_wconf 87' lang='lat' dir='ltr'>fuerit</span> <span class='ocrx_word' id='word_1_166' title='bbox 779 2832 915 2894; x_wconf 90' lang='lat' dir='ltr'>ulterius</span> <span class='ocrx_word' id='word_1_167' title='bbox 931 2841 1124 2912; x_wconf 88' lang='lat' dir='ltr'>exequatur.</span> 
     </span>
    </p>
   </div>
   <div class='ocr_carea' id='block_1_6' title="bbox 291 3021 1103 3231">
    <p class='ocr_par' dir='ltr' id='par_1_6' title="bbox 291 3021 1103 3231">
     <span class='ocr_line' id='line_1_22' title="bbox 291 3021 593 3105; baseline -0.01 -19"><span class='ocrx_word' id='word_1_168' title='bbox 291 3022 359 3105; x_wconf 85' lang='lat' dir='ltr'>[On</span> <span class='ocrx_word' id='word_1_169' title='bbox 376 3022 511 3101; x_wconf 80' lang='lat' dir='ltr'>thaface</span> <span class='ocrx_word' id='word_1_170' title='bbox 525 3021 593 3104; x_wconf 89' lang='lat'><strong>.·-—]</strong></span> 
     </span>
     <span class='ocr_line' id='line_1_23' title="bbox 565 3162 1103 3231; baseline -0.006 -1"><span class='ocrx_word' id='word_1_171' title='bbox 565 3167 945 3231; x_wconf 78' lang='lat' dir='ltr'>L1ucouu&#39;.-Auuus</span> <span class='ocrx_word' id='word_1_172' title='bbox 969 3162 1103 3228; x_wconf 71' lang='lat' dir='ltr'>xv111¹¹⁸·</span> 
     </span>
    </p>
   </div>
   <div class='ocr_carea' id='block_1_7' title="bbox 203 3324 1464 3475">
    <p class='ocr_par' dir='ltr' id='par_1_7' title="bbox 203 3324 1464 3475">
     <span class='ocr_line' id='line_1_24' title="bbox 203 3324 1458 3394; baseline 0 -17"><span class='ocrx_word' id='word_1_173' title='bbox 203 3325 313 3394; x_wconf 77' lang='lat' dir='ltr'>[Hemy</span> <span class='ocrx_word' id='word_1_174' title='bbox 324 3325 357 3378; x_wconf 80' lang='lat' dir='ltr'>de</span> <span class='ocrx_word' id='word_1_175' title='bbox 372 3326 466 3393; x_wconf 86' lang='lat' dir='ltr'>Vaym,</span> <span class='ocrx_word' id='word_1_176' title='bbox 473 3324 621 3392; x_wconf 74' lang='lat' dir='ltr'>presented</span> <span class='ocrx_word' id='word_1_177' title='bbox 629 3326 662 3393; x_wconf 83' lang='lat' dir='ltr'>by</span> <span class='ocrx_word' id='word_1_178' title='bbox 674 3325 780 3378; x_wconf 81' lang='lat' dir='ltr'>Gilbcrt</span> <span class='ocrx_word' id='word_1_179' title='bbox 788 3325 822 3377; x_wconf 73' lang='lat' dir='ltr'>de</span> <span class='ocrx_word' id='word_1_180' title='bbox 836 3325 917 3385; x_wconf 82' lang='lat' dir='ltr'>Gaui.</span> <span class='ocrx_word' id='word_1_181' title='bbox 933 3325 1080 3393; x_wconf 79' lang='lat' dir='ltr'>guardian</span> <span class='ocrx_word' id='word_1_182' title='bbox 1093 3326 1129 3393; x_wconf 83' lang='lat' dir='ltr'>os</span> <span class='ocrx_word' id='word_1_183' title='bbox 1139 3325 1185 3378; x_wconf 79' lang='lat' dir='ltr'>the</span> <span class='ocrx_word' id='word_1_184' title='bbox 1202 3325 1265 3377; x_wconf 82' lang='lat' dir='ltr'>iuir</span> <span class='ocrx_word' id='word_1_185' title='bbox 1279 3326 1315 3392; x_wconf 85' lang='lat' dir='ltr'>of</span> <span class='ocrx_word' id='word_1_186' title='bbox 1332 3324 1458 3377; x_wconf 87' lang='lat' dir='ltr'>William</span> 
     </span>
     <span class='ocr_line' id='line_1_25' title="bbox 268 3406 1464 3475; baseline 0.001 -17"><span class='ocrx_word' id='word_1_187' title='bbox 268 3408 301 3459; x_wconf 84' lang='lat' dir='ltr'>de</span> <span class='ocrx_word' id='word_1_188' title='bbox 313 3408 447 3475; x_wconf 77' lang='lat' dir='ltr'>Scremby,</span> <span class='ocrx_word' id='word_1_189' title='bbox 460 3410 539 3475; x_wconf 85' lang='lat' dir='ltr'>after</span> <span class='ocrx_word' id='word_1_190' title='bbox 547 3424 565 3459; x_wconf 90' lang='lat' dir='ltr'>a</span> <span class='ocrx_word' id='word_1_191' title='bbox 576 3408 685 3474; x_wconf 61' lang='lat' dir='ltr'>disputa</span> <span class='ocrx_word' id='word_1_192' title='bbox 695 3407 778 3460; x_wconf 85' lang='lat' dir='ltr'>about</span> <span class='ocrx_word' id='word_1_193' title='bbox 787 3407 833 3460; x_wconf 84' lang='lat' dir='ltr'>tiu</span> <span class='ocrx_word' id='word_1_194' title='bbox 838 3411 1006 3475; x_wconf 78' lang='lat' dir='ltr'>patrauage,</span> <span class='ocrx_word' id='word_1_195' title='bbox 1018 3408 1042 3459; x_wconf 88' lang='lat' dir='ltr'>is</span> <span class='ocrx_word' id='word_1_196' title='bbox 1053 3406 1199 3460; x_wconf 79' lang='lat' dir='ltr'>instituted</span> <span class='ocrx_word' id='word_1_197' title='bbox 1210 3412 1237 3459; x_wconf 83' lang='lat' dir='ltr'>ta</span> <span class='ocrx_word' id='word_1_198' title='bbox 1252 3408 1297 3460; x_wconf 81' lang='lat' dir='ltr'>the</span> <span class='ocrx_word' id='word_1_199' title='bbox 1312 3407 1410 3460; x_wconf 72' lang='lat' dir='ltr'>chureii</span> <span class='ocrx_word' id='word_1_200' title='bbox 1428 3407 1464 3474; x_wconf 84' lang='lat' dir='ltr'>os</span> 
     </span>
    </p>
   </div>
   <div class='ocr_carea' id='block_1_8' title="bbox 268 3489 415 3558">
    <p class='ocr_par' dir='ltr' id='par_1_8' title="bbox 268 3489 415 3558">
     <span class='ocr_line' id='line_1_26' title="bbox 268 3489 415 3558; baseline 0.007 -1"><span class='ocrx_word' id='word_1_201' title='bbox 268 3489 415 3558; x_wconf 58' lang='lat' dir='ltr'>Seremyn</span> 
     </span>
    </p>
   </div>
   <div class='ocr_carea' id='block_1_9' title="bbox 201 3624 1553 5054">
    <p class='ocr_par' dir='ltr' id='par_1_9' title="bbox 201 3624 1553 5054">
     <span class='ocr_line' id='line_1_27' title="bbox 292 3624 1458 3707; baseline -0.002 -17"><span class='ocrx_word' id='word_1_202' title='bbox 292 3624 692 3690; x_wconf 78' lang='lat' dir='ltr'>SCREMBY.-Henricus</span> <span class='ocrx_word' id='word_1_203' title='bbox 715 3624 757 3687; x_wconf 91' lang='lat' dir='ltr'>de</span> <span class='ocrx_word' id='word_1_204' title='bbox 781 3624 903 3706; x_wconf 89' lang='lat' dir='ltr'>Vaym,</span> <span class='ocrx_word' id='word_1_205' title='bbox 919 3624 1152 3701; x_wconf 88' lang='lat' dir='ltr'>subdiaconus,</span> <span class='ocrx_word' id='word_1_206' title='bbox 1168 3634 1376 3707; x_wconf 87' lang='lat' dir='ltr'>presentatus</span> <span class='ocrx_word' id='word_1_207' title='bbox 1400 3646 1458 3707; x_wconf 88' lang='lat' dir='ltr'>per</span> 
     </span>
     <span class='ocr_line' id='line_1_28' title="bbox 204 3727 1456 3804; baseline -0.002 -11"><span class='ocrx_word' id='word_1_208' title='bbox 204 3728 391 3793; x_wconf 88' lang='lat' dir='ltr'>Gilbertum</span> <span class='ocrx_word' id='word_1_209' title='bbox 415 3728 457 3791; x_wconf 93' lang='lat' dir='ltr'>de</span> <span class='ocrx_word' id='word_1_210' title='bbox 481 3728 580 3804; x_wconf 90' lang='lat' dir='ltr'>Gant,</span> <span class='ocrx_word' id='word_1_211' title='bbox 603 3728 731 3791; x_wconf 88' lang='lat' dir='ltr'>ratione</span> <span class='ocrx_word' id='word_1_212' title='bbox 754 3727 904 3791; x_wconf 90' lang='lat' dir='ltr'>custodie</span> <span class='ocrx_word' id='word_1_213' title='bbox 924 3737 1009 3791; x_wconf 91' lang='lat' dir='ltr'>terre</span> <span class='ocrx_word' id='word_1_214' title='bbox 1024 3738 1058 3791; x_wconf 90' lang='lat' dir='ltr'>et</span> <span class='ocrx_word' id='word_1_215' title='bbox 1074 3727 1135 3804; x_wconf 89' lang='lat' dir='ltr'>W.,</span> <span class='ocrx_word' id='word_1_216' title='bbox 1151 3727 1280 3791; x_wconf 89' lang='lat' dir='ltr'>heredis</span> <span class='ocrx_word' id='word_1_217' title='bbox 1298 3728 1456 3790; x_wconf 90' lang='lat' dir='ltr'>Willelmi</span> 
     </span>
     <span class='ocr_line' id='line_1_29' title="bbox 202 3830 1457 3914; baseline -0.001 -20"><span class='ocrx_word' id='word_1_218' title='bbox 202 3832 245 3895; x_wconf 92' lang='lat' dir='ltr'>de</span> <span class='ocrx_word' id='word_1_219' title='bbox 262 3832 434 3914; x_wconf 86' lang='lat' dir='ltr'>Scremby,</span> <span class='ocrx_word' id='word_1_220' title='bbox 449 3831 492 3894; x_wconf 92' lang='lat' dir='ltr'>ad</span> <span class='ocrx_word' id='word_1_221' title='bbox 507 3832 681 3894; x_wconf 88' lang='lat' dir='ltr'>ecclesiam</span> <span class='ocrx_word' id='word_1_222' title='bbox 697 3830 740 3893; x_wconf 89' lang='lat' dir='ltr'>de</span> <span class='ocrx_word' id='word_1_223' title='bbox 757 3830 928 3913; x_wconf 87' lang='lat' dir='ltr'>Scremby‚</span> <span class='ocrx_word' id='word_1_224' title='bbox 950 3831 1037 3894; x_wconf 89' lang='lat' dir='ltr'>facta</span> <span class='ocrx_word' id='word_1_225' title='bbox 1057 3832 1146 3913; x_wconf 78' lang='lat' dir='ltr'>prius‘</span> <span class='ocrx_word' id='word_1_226' title='bbox 1165 3831 1379 3913; x_wconf 89' lang='lat' dir='ltr'>inquisitione</span> <span class='ocrx_word' id='word_1_227' title='bbox 1398 3852 1457 3913; x_wconf 90' lang='lat' dir='ltr'>per</span> 
     </span>
     <span class='ocr_line' id='line_1_30' title="bbox 205 3934 1457 4018; baseline -0.002 -19"><span class='ocrx_word' id='word_1_228' title='bbox 205 3937 253 4012; x_wconf 79' lang='lat' dir='ltr'>R,</span> <span class='ocrx_word' id='word_1_229' title='bbox 283 3935 567 3999; x_wconf 85' lang='lat' dir='ltr'>Archidiaconum</span> <span class='ocrx_word' id='word_1_230' title='bbox 599 3934 781 4011; x_wconf 88' lang='lat' dir='ltr'>Lincolnie,</span> <span class='ocrx_word' id='word_1_231' title='bbox 811 3944 844 3997; x_wconf 90' lang='lat' dir='ltr'>et</span> <span class='ocrx_word' id='word_1_232' title='bbox 876 3936 1016 4017; x_wconf 90' lang='lat' dir='ltr'>receptis</span> <span class='ocrx_word' id='word_1_233' title='bbox 1046 3935 1162 3998; x_wconf 90' lang='lat' dir='ltr'>litteris</span> <span class='ocrx_word' id='word_1_234' title='bbox 1192 3934 1319 3997; x_wconf 90' lang='lat' dir='ltr'>domini</span> <span class='ocrx_word' id='word_1_235' title='bbox 1355 3934 1457 4018; x_wconf 84' lang='lat' dir='ltr'>Regis</span> 
     </span>
     <span class='ocr_line' id='line_1_31' title="bbox 203 4039 1456 4123; baseline -0.003 -19"><span class='ocrx_word' id='word_1_236' title='bbox 203 4041 451 4105; x_wconf 89' lang='lat' dir='ltr'>continentibus</span> <span class='ocrx_word' id='word_1_237' title='bbox 489 4041 578 4123; x_wconf 86' lang='lat' dir='ltr'>quod</span> <span class='ocrx_word' id='word_1_238' title='bbox 617 4041 726 4104; x_wconf 92' lang='lat' dir='ltr'>dictus</span> <span class='ocrx_word' id='word_1_239' title='bbox 765 4039 813 4116; x_wconf 66' lang='lat' dir='ltr'>G„</span> <span class='ocrx_word' id='word_1_240' title='bbox 850 4060 962 4103; x_wconf 87' lang='lat' dir='ltr'>coram</span> <span class='ocrx_word' id='word_1_241' title='bbox 999 4040 1187 4121; x_wconf 89' lang='lat' dir='ltr'>justiciariis</span> <span class='ocrx_word' id='word_1_242' title='bbox 1226 4039 1456 4103; x_wconf 90' lang='lat' dir='ltr'>itinerantibus</span> 
     </span>
     <span class='ocr_line' id='line_1_32' title="bbox 205 4138 1553 4235; baseline -0.001 -28"><span class='ocrx_word' id='word_1_243' title='bbox 205 4144 386 4221; x_wconf 88' lang='lat' dir='ltr'>Lincolnie,</span> <span class='ocrx_word' id='word_1_244' title='bbox 402 4146 536 4208; x_wconf 89' lang='lat' dir='ltr'>recessit</span> <span class='ocrx_word' id='word_1_245' title='bbox 552 4144 684 4226; x_wconf 91' lang='lat' dir='ltr'>quietus</span> <span class='ocrx_word' id='word_1_246' title='bbox 700 4164 813 4206; x_wconf 93' lang='lat' dir='ltr'>versus</span> <span class='ocrx_word' id='word_1_247' title='bbox 830 4142 1036 4206; x_wconf 92' lang='lat' dir='ltr'>Willelmum</span> <span class='ocrx_word' id='word_1_248' title='bbox 1053 4142 1096 4207; x_wconf 91' lang='lat' dir='ltr'>de</span> <span class='ocrx_word' id='word_1_249' title='bbox 1112 4142 1273 4224; x_wconf 88' lang='lat' dir='ltr'>Scremby</span> <span class='ocrx_word' id='word_1_250' title='bbox 1288 4141 1331 4204; x_wconf 92' lang='lat' dir='ltr'>de</span> <span class='ocrx_word' id='word_1_251' title='bbox 1354 4138 1457 4205; x_wconf 89' lang='lat' dir='ltr'>assisa</span> <span class='ocrx_word' id='word_1_252' title='bbox 1549 4223 1553 4235; x_wconf 31' lang='grc' dir='ltr'><strong><em>ι</em></strong></span> 
     </span>
     <span class='ocr_line' id='line_1_33' title="bbox 203 4244 1455 4330; baseline -0.002 -20"><span class='ocrx_word' id='word_1_253' title='bbox 203 4248 320 4310; x_wconf 90' lang='lat' dir='ltr'>ultime</span> <span class='ocrx_word' id='word_1_254' title='bbox 344 4247 608 4330; x_wconf 66' lang='lat' dir='ltr'>presentationis</span> <span class='ocrx_word' id='word_1_255' title='bbox 624 4266 725 4329; x_wconf 88' lang='lat' dir='ltr'>quam</span> <span class='ocrx_word' id='word_1_256' title='bbox 749 4245 838 4309; x_wconf 90' lang='lat' dir='ltr'>idem</span> <span class='ocrx_word' id='word_1_257' title='bbox 864 4246 914 4309; x_wconf 91' lang='lat' dir='ltr'>W.</span> <span class='ocrx_word' id='word_1_258' title='bbox 931 4245 1109 4309; x_wconf 89' lang='lat' dir='ltr'>arraniavit</span> <span class='ocrx_word' id='word_1_259' title='bbox 1125 4266 1237 4309; x_wconf 90' lang='lat' dir='ltr'>versus</span> <span class='ocrx_word' id='word_1_260' title='bbox 1257 4244 1400 4307; x_wconf 87' lang='lat' dir='ltr'>eundern</span> <span class='ocrx_word' id='word_1_261' title='bbox 1418 4244 1455 4309; x_wconf 90' lang='lat' dir='ltr'>G.</span> 
     </span>
     <span class='ocr_line' id='line_1_34' title="bbox 203 4348 1458 4433; baseline -0.001 -20"><span class='ocrx_word' id='word_1_262' title='bbox 203 4372 302 4433; x_wconf 88' lang='lat' dir='ltr'>super</span> <span class='ocrx_word' id='word_1_263' title='bbox 323 4350 462 4413; x_wconf 90' lang='lat' dir='ltr'>ecclesia</span> <span class='ocrx_word' id='word_1_264' title='bbox 484 4351 527 4413; x_wconf 93' lang='lat' dir='ltr'>de</span> <span class='ocrx_word' id='word_1_265' title='bbox 551 4350 723 4432; x_wconf 88' lang='lat' dir='ltr'>Scremby,</span> <span class='ocrx_word' id='word_1_266' title='bbox 745 4371 786 4413; x_wconf 91' lang='lat' dir='ltr'>eo</span> <span class='ocrx_word' id='word_1_267' title='bbox 808 4350 899 4431; x_wconf 93' lang='lat' dir='ltr'>quod</span> <span class='ocrx_word' id='word_1_268' title='bbox 923 4350 1012 4413; x_wconf 90' lang='lat' dir='ltr'>idem</span> <span class='ocrx_word' id='word_1_269' title='bbox 1029 4350 1078 4427; x_wconf 91' lang='lat' dir='ltr'>G.,</span> <span class='ocrx_word' id='word_1_270' title='bbox 1093 4360 1244 4432; x_wconf 90' lang='lat' dir='ltr'>tempore</span> <span class='ocrx_word' id='word_1_271' title='bbox 1258 4369 1326 4430; x_wconf 93' lang='lat' dir='ltr'>quo</span> <span class='ocrx_word' id='word_1_272' title='bbox 1340 4348 1458 4412; x_wconf 89' lang='lat' dir='ltr'>habuit</span> 
     </span>
     <span class='ocr_line' id='line_1_35' title="bbox 203 4452 1456 4536; baseline -0.002 -19"><span class='ocrx_word' id='word_1_273' title='bbox 203 4454 390 4517; x_wconf 86' lang='lat' dir='ltr'>custodiam</span> <span class='ocrx_word' id='word_1_274' title='bbox 422 4456 525 4536; x_wconf 91' lang='lat' dir='ltr'>ipsius</span> <span class='ocrx_word' id='word_1_275' title='bbox 556 4453 725 4530; x_wconf 90' lang='lat' dir='ltr'>Willelmi,</span> <span class='ocrx_word' id='word_1_276' title='bbox 754 4453 910 4517; x_wconf 92' lang='lat' dir='ltr'>clericum</span> <span class='ocrx_word' id='word_1_277' title='bbox 941 4474 1038 4516; x_wconf 94' lang='lat' dir='ltr'>suum</span> <span class='ocrx_word' id='word_1_278' title='bbox 1069 4454 1196 4518; x_wconf 89' lang='lat' dir='ltr'>ratione</span> <span class='ocrx_word' id='word_1_279' title='bbox 1226 4452 1376 4515; x_wconf 89' lang='lat' dir='ltr'>custodie</span> <span class='ocrx_word' id='word_1_280' title='bbox 1414 4452 1456 4514; x_wconf 90' lang='lat' dir='ltr'>ad</span> 
     </span>
     <span class='ocr_line' id='line_1_36' title="bbox 201 4555 1457 4641; baseline -0.002 -20"><span class='ocrx_word' id='word_1_281' title='bbox 201 4559 344 4621; x_wconf 88' lang='lat' dir='ltr'>eandem</span> <span class='ocrx_word' id='word_1_282' title='bbox 367 4558 541 4621; x_wconf 90' lang='lat' dir='ltr'>ecclesiam</span> <span class='ocrx_word' id='word_1_283' title='bbox 564 4558 775 4639; x_wconf 87' lang='lat' dir='ltr'>presentavit,</span> <span class='ocrx_word' id='word_1_284' title='bbox 798 4578 857 4639; x_wconf 90' lang='lat' dir='ltr'>per</span> <span class='ocrx_word' id='word_1_285' title='bbox 875 4577 942 4638; x_wconf 91' lang='lat' dir='ltr'>que</span> <span class='ocrx_word' id='word_1_286' title='bbox 964 4558 1136 4641; x_wconf 85' lang='lat' dir='ltr'>negotium</span> <span class='ocrx_word' id='word_1_287' title='bbox 1157 4556 1218 4619; x_wconf 85' lang='lat' dir='ltr'>fuit</span> <span class='ocrx_word' id='word_1_288' title='bbox 1238 4555 1457 4638; x_wconf 81' lang='lat' dir='ltr'>inexpedita,</span> 
     </span>
     <span class='ocr_line' id='line_1_37' title="bbox 203 4660 1456 4743; baseline -0.002 -20"><span class='ocrx_word' id='word_1_289' title='bbox 203 4660 246 4723; x_wconf 92' lang='lat' dir='ltr'>ad</span> <span class='ocrx_word' id='word_1_290' title='bbox 262 4660 404 4724; x_wconf 90' lang='lat' dir='ltr'>eandem</span> <span class='ocrx_word' id='word_1_291' title='bbox 421 4661 594 4725; x_wconf 88' lang='lat' dir='ltr'>ecclesiam</span> <span class='ocrx_word' id='word_1_292' title='bbox 611 4662 777 4725; x_wconf 90' lang='lat' dir='ltr'>admissus</span> <span class='ocrx_word' id='word_1_293' title='bbox 792 4670 853 4737; x_wconf 86' lang='lat' dir='ltr'>est,</span> <span class='ocrx_word' id='word_1_294' title='bbox 867 4670 902 4724; x_wconf 94' lang='lat' dir='ltr'>et</span> <span class='ocrx_word' id='word_1_295' title='bbox 917 4662 952 4724; x_wconf 91' lang='lat' dir='ltr'>in</span> <span class='ocrx_word' id='word_1_296' title='bbox 966 4681 1008 4724; x_wconf 89' lang='lat' dir='ltr'>ea</span> <span class='ocrx_word' id='word_1_297' title='bbox 1025 4662 1184 4725; x_wconf 89' lang='lat' dir='ltr'>canonice</span> <span class='ocrx_word' id='word_1_298' title='bbox 1205 4680 1345 4743; x_wconf 88' lang='lat' dir='ltr'>persona</span> <span class='ocrx_word' id='word_1_299' title='bbox 1365 4660 1456 4722; x_wconf 91' lang='lat' dir='ltr'>insti-</span> 
     </span>
     <span class='ocr_line' id='line_1_38' title="bbox 203 4761 1457 4845; baseline -0.002 -18"><span class='ocrx_word' id='word_1_300' title='bbox 203 4773 304 4827; x_wconf 85' lang='lat' dir='ltr'>tutus.</span> <span class='ocrx_word' id='word_1_301' title='bbox 351 4765 397 4827; x_wconf 92' lang='lat' dir='ltr'>Et</span> <span class='ocrx_word' id='word_1_302' title='bbox 420 4764 607 4845; x_wconf 89' lang='lat' dir='ltr'>injunctum</span> <span class='ocrx_word' id='word_1_303' title='bbox 633 4774 686 4827; x_wconf 90' lang='lat' dir='ltr'>est</span> <span class='ocrx_word' id='word_1_304' title='bbox 707 4762 798 4827; x_wconf 88' lang='lat' dir='ltr'>dicto</span> <span class='ocrx_word' id='word_1_305' title='bbox 821 4763 1070 4827; x_wconf 87' lang='lat' dir='ltr'>Archidiacono</span> <span class='ocrx_word' id='word_1_306' title='bbox 1093 4773 1138 4840; x_wconf 85' lang='lat' dir='ltr'>ut,</span> <span class='ocrx_word' id='word_1_307' title='bbox 1160 4772 1241 4840; x_wconf 91' lang='lat' dir='ltr'>etc.;</span> <span class='ocrx_word' id='word_1_308' title='bbox 1271 4761 1364 4825; x_wconf 86' lang='lat' dir='ltr'>salvo</span> <span class='ocrx_word' id='word_1_309' title='bbox 1383 4762 1457 4843; x_wconf 88' lang='lat' dir='ltr'>jure</span> 
     </span>
     <span class='ocr_line' id='line_1_39' title="bbox 203 4864 1459 4951; baseline 0.002 -22"><span class='ocrx_word' id='word_1_310' title='bbox 203 4867 284 4931; x_wconf 91' lang='lat' dir='ltr'>dicti</span> <span class='ocrx_word' id='word_1_311' title='bbox 315 4868 367 4931; x_wconf 86' lang='lat' dir='ltr'>W.</span> <span class='ocrx_word' id='word_1_312' title='bbox 398 4888 474 4931; x_wconf 93' lang='lat' dir='ltr'>cum</span> <span class='ocrx_word' id='word_1_313' title='bbox 504 4864 678 4931; x_wconf 88' lang='lat' dir='ltr'>ecclesiam</span> <span class='ocrx_word' id='word_1_314' title='bbox 710 4868 817 4951; x_wconf 86' lang='lat' dir='ltr'>ipsam</span> <span class='ocrx_word' id='word_1_315' title='bbox 847 4866 929 4930; x_wconf 89' lang='lat' dir='ltr'>alias</span> <span class='ocrx_word' id='word_1_316' title='bbox 953 4887 1072 4931; x_wconf 88' lang='lat' dir='ltr'>vacare</span> <span class='ocrx_word' id='word_1_317' title='bbox 1097 4867 1281 4949; x_wconf 80' lang='lat' dir='ltr'>contigerit</span> <span class='ocrx_word' id='word_1_318' title='bbox 1326 4864 1383 4948; x_wconf 89' lang='lat' dir='ltr'>[In</span> <span class='ocrx_word' id='word_1_319' title='bbox 1406 4867 1459 4931; x_wconf 82' lang='lat' dir='ltr'>tie</span> 
     </span>
     <span class='ocr_line' id='line_1_40' title="bbox 203 4971 961 5054; baseline -0.003 -19"><span class='ocrx_word' id='word_1_320' title='bbox 203 4972 336 5054; x_wconf 82' lang='lat' dir='ltr'>margin</span> <span class='ocrx_word' id='word_1_321' title='bbox 346 4971 417 5054; x_wconf 89' lang='grc'><strong>.·-]</strong></span> <span class='ocrx_word' id='word_1_322' title='bbox 440 4972 573 5035; x_wconf 89' lang='lat' dir='ltr'>Desunt</span> <span class='ocrx_word' id='word_1_323' title='bbox 588 4972 683 5035; x_wconf 85' lang='lat' dir='ltr'>litere</span> <span class='ocrx_word' id='word_1_324' title='bbox 697 4971 961 5054; x_wconf 86' lang='lat' dir='ltr'>presentationis.</span> 
     </span>
    </p>
   </div>
   <div class='ocr_carea' id='block_1_10' title="bbox 0 0 1780 5692">
    <p class='ocr_par' dir='ltr' id='par_1_10' title="bbox 0 0 1780 5692">
     <span class='ocr_line' id='line_1_41' title="bbox 0 0 1780 5692; baseline 0 1"><span class='ocrx_word' id='word_1_325' title='bbox 0 0 1780 5692; x_wconf 95' lang='lat' dir='ltr'> </span> 
     </span>
    </p>
   </div>
  </div>
 </body>
</html>
