3550 5692
314 604 386 680 204
650 584 787 663 Rotnle‘
809 584 987 686 Hngonz's
1010 587 1054 661 de
1090 582 1222 661 Welles

311 829 354 893 de
378 826 547 910 Ormesby
571 827 613 891 ad
639 827 814 891 ecclesiam
841 829 884 892 de
910 828 1089 910 Ludburg'‚
1116 847 1192 891 cum
1220 826 1392 909 negotium
1417 834 1505 888 esset
1530 824 1564 885 in

310 930 481 1015 expedito,
496 931 539 995 ad
564 931 706 995 eandem
731 931 898 995 admissus
922 941 982 1009 est,
1008 942 1069 996 etc.
1117 932 1162 995 Et
1186 930 1383 993 mandatum
1408 927 1488 1010 [est]
1517 928 1565 1003 R.,

311 1035 560 1099 Archidiacono
577 1034 758 1112 Lincolnie,
773 1046 807 1099 et
832 1036 971 1099 Decano
986 1036 1029 1099 ‹le
1051 1034 1196 1098 Ludesh'
1212 1034 1274 1097 sub
1289 1032 1512 1114 disjunctione
1528 1039 1566 1093 ut

310 1139 436 1203 dictum
452 1139 480 1221 J.
497 1139 531 1200 in
547 1138 753 1221 corporalem
770 1140 874 1222 ipsius
889 1139 1028 1203 ecclesie
1044 1139 1288 1221 possessionem
1306 1135 1474 1199 inducant.

310 1341 425 1407 [Jomes
442 1341 476 1394 de
492 1341 633 1404 Neweton,
650 1343 788 1409 chaplain,
800 1343 950 1410 presented
965 1342 999 1411 by
1016 1342 1061 1395 tlte
1078 1341 1188 1393 Moster
1205 1342 1240 1409 os
1252 1339 1297 1393 ne
1317 1339 1408 1393 Order
1422 1339 1458 1406 os
1472 1338 1566 1405 Semp-

260 1446 265 1457 ·
375 1423 510 1492 ringham
527 1424 588 1476 ond
603 1424 648 1477 the
666 1424 822 1479 Pnornnd
840 1424 953 1477 Canons
969 1425 1005 1492 os
1016 1424 1055 1477 St.
1073 1423 1231 1486 Kntherine,
1244 1422 1367 1484 Lincoln,
1380 1422 1406 1474 is
1424 1420 1569 1473 instituted

375 1504 653 1574 weareefConwick]

398 1631 823 1715 [KANEW]Yc.-Jacobus
846 1632 890 1696 de
922 1632 1103 1709 Neweton',
1130 1630 1330 1714 capellanuS,
1357 1638 1566 1712 presentatus

311 1755 370 1817 per
386 1736 585 1819 Magistrum
603 1736 740 1802 Ordinis
748 1736 798 1827 ‚de
818 1736 1081 1819 Sempingeham
1096 1745 1130 1800 et
1148 1736 1294 1798 Priorem
1310 1744 1345 1797 et
1365 1742 1565 1797 conventum

311 1841 547 1904 canonicorum
581 1841 704 1905 Sancte
731 1841 893 1904 Katerine
920 1840 1093 1903 Lincolnie
1118 1839 1158 1903 ad
1188 1849 1382 1921 perpetuam
1410 1838 1566 1900 vicariam

311 1944 449 2008 ecclesie
464 1943 508 2006 de
525 1944 695 2021 Kanewic,
705 1943 793 2008 lacta
809 1945 900 2027 prius
916 1944 1130 2026 inquisitione
1146 1963 1205 2025 per
1221 1943 1271 2019 R,
1283 1941 1565 2005 Archidiaconum

312 2047 494 2124 Lincolnie,
511 2068 695 2131 perquam,
711 2058 781 2125 etc,
803 2048 845 2111 ad
872 2048 1016 2111 eandem
1041 2048 1197 2111 vicariam
1223 2046 1389 2109 admissus
1415 2054 1476 2123 est,
1497 2055 1567 2133 eto,

310 2172 385 2214 cum
412 2172 513 2215 onere
536 2162 570 2215 et
595 2172 681 2234 pena
707 2146 913 2215 vicariorum.
961 2153 1007 2215 Et
1034 2150 1230 2215 mandatum
1255 2161 1306 2214 est
1333 2150 1423 2213 dicto
1449 2149 1566 2212 Archi-

310 2255 454 2319 diacono
470 2266 516 2332 ut,
530 2265 592 2319 etc.

310 2458 420 2527 [Simon
441 2458 475 2511 de
500 2458 627 2521 Caetomo,
651 2458 825 2521 snb-dencon,
845 2458 995 2525 presented
1020 2458 1053 2526 by
1076 2458 1120 2510 tlte
1140 2457 1228 2511 Abbot
1248 2456 1309 2509 and
1331 2457 1458 2510 Conveni
1474 2457 1510 2524 os
1527 2457 1567 2509 St.

376 2540 467 2602 Sever,
491 2540 517 2591 is
538 2539 684 2591 instituted
704 2544 730 2591 to
752 2539 798 2592 the
819 2539 920 2593 chureii
943 2540 978 2607 os
998 2539 1154 2591 Greetliam.
1201 2538 1258 2591 The
1279 2539 1391 2591 ancient
1404 2536 1567 2604 pensionis

375 2621 505 2674 restem
514 2625 541 2673 to
551 2622 597 2674 ne
608 2621 725 2687 monlon]

398 2748 790 2813 GRETEHAM.—Simon
806 2748 849 2811 de
866 2748 1027 2824 Cadom0,
1040 2747 1273 2824 subdiaconus,
1285 2757 1494 2830 presentatus
1511 2767 1567 2829 per

312 2852 482 2915 Abbatem
499 2862 533 2915 et
548 2861 750 2915 conventum
775 2852 889 2916 Sancti
911 2852 1022 2916 Severi
1043 2851 1084 2915 ad
1110 2851 1283 2915 ecclesiam
1301 2851 1343 2914 de
1369 2850 1567 2926 Greteham’,

311 2966 486 3019 vacantem
526 2977 584 3038 per
623 2957 881 3038 resignationem
927 2956 1080 3038 Magistri
1118 2956 1282 3038 Johannis
1320 2954 1363 3018 de
1407 2954 1567 3030 Cad0m0‚

311 3059 480 3141 quondam
507 3060 660 3123 Rectoris
686 3060 847 3141 ejusdem,
871 3059 994 3122 iactam
1026 3061 1059 3122 in
1091 3080 1210 3123 manus
1239 3059 1367 3122 domini
1400 3059 1566 3142 Episcopi,

313 3163 401 3226 lacta
431 3164 520 3246 prius
559 3165 773 3247 inquisitione
811 3184 869 3247 per
902 3164 950 3240 R,
981 3163 1265 3226 Archidiaconum
1298 3163 1479 3239 Lincolnie,
1510 3183 1567 3245 per

311 3287 422 3349 quam,
448 3276 519 3343 etc,
544 3267 586 3330 ad
616 3267 759 3330 eandem
790 3266 957 3329 admissus
984 3276 1044 3343 est,
1070 3276 1152 3343 etc.;
1177 3265 1268 3329 salva
1292 3266 1371 3329 inde
1396 3266 1567 3328 monachis

312 3369 491 3433 antedictis
513 3370 627 3434 debita
650 3379 684 3433 et
707 3371 844 3452 antiqua
868 3371 1035 3453 pensione.
1094 3371 1140 3433 Et
1163 3370 1359 3433 mandatum
1384 3380 1435 3433 est
1457 3369 1566 3433 eidem

313 3473 562 3537 Archidiacono
599 3484 645 3551 ut,
675 3485 736 3538 etc.
784 3475 888 3537 Facta
926 3484 1038 3537 autem
1069 3474 1131 3538 fuit
1161 3475 1321 3537 admissio
1348 3474 1496 3556 predicta
1525 3473 1567 3536 de

311 3597 474 3640 consensu
491 3578 662 3659 Johannis,
679 3579 821 3643 Comitis
838 3578 965 3642 Cestrie
981 3588 1014 3641 et
1034 3578 1300 3660 Huntingdonie,
1316 3577 1409 3640 salvo
1424 3577 1486 3640 sibi
1495 3576 1568 3657 jure

311 3700 372 3741 suo
388 3680 615 3762 imposterum,
631 3681 721 3762 quod
738 3703 773 3744 se
796 3691 1000 3764 protestatus
1023 3691 1074 3744 est
1097 3680 1228 3757 habere,
1243 3701 1343 3763 super
1366 3681 1567 3763 proprietate

312 3794 507 3866 patronatus
522 3784 662 3847 ecclesie
678 3795 869 3849 memorate.

312 3994 460 4061 [Ronnlplr
478 3995 511 4047 de
531 3996 558 4046 T
554 3996 632 4057 horn,
650 3994 789 4064 choplqin,
801 3996 952 4063 presented
964 3995 998 4064 by
1014 3996 1059 4048 tlte
1074 3995 1164 4048 Abbot
1178 3995 1239 4048 need
1255 3995 1381 4048 Conveni
1394 3996 1429 4063 os
1439 3994 1525 4063 Selby,
1543 3995 1568 4047 is

376 4076 521 4129 instituted
528 4078 609 4129 vicar
617 4078 653 4145 of
658 4077 917 4147 Stnllingborongtt.
955 4078 982 4128 T
977 4078 1012 4129 tre
1022 4079 1154 4147 nicoroge
1165 4079 1190 4130 is
1200 4077 1357 4141 inscribed]

400 4204 902 4269 STALINGBURG'.—Ranullus
923 4206 966 4269 de
982 4206 1115 4283 Thorn’,
1135 4205 1337 4288 capellanus,
1358 4214 1566 4287 presentatus

313 4327 371 4389 per
398 4307 566 4371 Abbatem
594 4318 629 4371 et
655 4321 856 4372 conventum
883 4309 925 4372 de
954 4310 1078 4391 Seleby
1105 4309 1147 4372 ad
1173 4310 1329 4372 vicariam
1359 4307 1498 4372 ecclesie
1524 4310 1566 4372 de

314 4411 549 4494 Stalingburg',
588 4412 674 4475 sacta
713 4413 803 4495 prius
846 4414 1061 4495 inquisitione
1098 4434 1157 4496 per
1196 4414 1244 4487 R,
1283 4412 1564 4476 Archidiaconum

314 4513 496 4592 Lincolnie,
513 4536 571 4597 per
593 4536 704 4597 quam,
719 4526 791 4593 etc,
812 4517 854 4579 ad
879 4516 1022 4579 eandem
1046 4518 1204 4580 vicariam
1228 4514 1393 4579 admissus
1415 4525 1475 4592 est,
1496 4526 1564 4592 etc,

235 4701 237 4710 Ι
312 4639 388 4680 cum
412 4638 512 4681 onere
534 4628 568 4681 et
591 4640 677 4701 pena
700 4619 904 4683 vicariorum.
952 4620 997 4684 Et
1021 4620 1218 4683 mandatum
1242 4629 1293 4683 est
1315 4619 1424 4683 eidem
1449 4617 1564 4681 Archi-

311 4721 454 4785 diacono
481 4732 526 4799 ut,
552 4732 613 4785 etc.
663 4722 832 4799 Consistit
857 4733 979 4801 autern,
1003 4726 1076 4808 ipsa
1100 4725 1223 4787 vicaria
1247 4724 1280 4785 in
1307 4733 1380 4786 toto
1405 4722 1564 4805 alteragio

311 4827 462 4909 exceptis
485 4826 623 4889 decimis
647 4828 918 4909 provenientibus
941 4829 983 4891 de
1006 4830 1096 4891 curia
1124 4828 1310 4891 Normanni
1341 4827 1384 4890 de
1408 4826 1509 4909 Arcy,
1532 4837 1564 4889 et

311 4939 456 5012 excepta
479 4929 659 4992 medietate
686 4930 815 4994 decime
842 4952 1004 5015 agnarum
1033 4933 1214 5015 parrochie,
1240 4952 1323 5014 quas
1351 4930 1468 4993 Abbas
1494 4950 1564 5013 pre-

311 5031 421 5096 dictus
436 5033 585 5115 percipit.
