3550 5692
566 556 744 653 Epzscope'
775 556 1060 629 Lz'ncolne'ense's.
1371 582 1433 649 141

188 790 280 858 [Peter
287 792 321 843 de
331 790 484 853 Lincolnie,
492 790 660 855 sub-deacen,
666 790 815 858 presented
822 791 907 857 hythe
917 791 1029 843 Master
1036 791 1072 857 of
1078 790 1123 843 the
1136 790 1227 843 Order
1234 793 1270 859 of
1277 792 1440 861 Sempre'ng-

249 872 324 931 tam.
335 872 396 925 and
404 873 491 925 Peter
503 872 564 925 and
576 873 702 925 Convent
714 874 750 939 of
760 872 949 941 Alvtngttem‚
965 873 991 925 is
1005 872 1151 926 instituted
1164 878 1190 925 to
1205 878 1260 926 two
1270 876 1399 941 pertrens
1409 874 1447 941 of

249 952 295 1005 ttre
305 953 405 1006 etrurctt
418 956 454 1021 of
459 954 637 1007 Sternton-le-
642 953 729 1021 Vale]

271 1071 651 1138 STEINTON'.—Petrus
680 1072 723 1135 de
754 1072 938 1149 Lincolnie,
968 1072 1200 1150 subdiaconus,
1230 1084 1441 1156 presentatus

184 1198 242 1259 per
266 1176 465 1258 Magistrum
482 1176 608 1239 ordinis
623 1176 666 1239 de
690 1176 941 1259 Sempingham’
957 1186 991 1240 et
1015 1177 1161 1239 Priorem
1180 1187 1214 1240 et
1237 1188 1438 1241 conventum

102 1320 105 1326 ,
185 1279 226 1342 de
248 1278 471 1361 Avingeham’
487 1279 529 1342 ad
555 1278 638 1341 duas
662 1289 773 1361 partes
799 1279 938 1342 ecclesie
965 1280 1007 1343 de
1033 1280 1207 1356 Steinton'‚
1235 1281 1322 1343 facta
1349 1283 1441 1363 prius

183 1382 397 1464 inquisitione
420 1402 479 1464 per
502 1383 551 1459 R,
568 1382 851 1445 Archidiaconum
876 1382 1059 1459 Lincolnie,
1074 1392 1144 1459 ete,
1166 1404 1350 1466 perquam,
1369 1395 1439 1460 etc,

184 1488 225 1551 ad
246 1488 381 1551 easdem
402 1488 568 1551 admissus
587 1497 647 1564 est,
662 1497 696 1551 et
716 1489 749 1549 in
769 1487 896 1551 eisdem
918 1488 1077 1551 canonice
1096 1508 1239 1570 persona
1258 1490 1440 1553 institutus.

184 1592 229 1653 Et
245 1590 433 1672 injunctum
450 1601 501 1654 est
518 1592 566 1667 R,
579 1590 834 1667 Archidiac0n0,
850 1592 1005 1673 presenti,
1017 1600 1063 1667 ut,
1075 1600 1135 1654 etc.
1183 1592 1260 1655 Non
1277 1592 1441 1655 habemus

183 1694 294 1757 literas
310 1695 565 1776 presentationis
582 1714 642 1757 nec
658 1694 890 1775 inquisitionis.

184 1879 323 1947 [Richard
335 1894 385 1931 sen
402 1879 545 1948 osRelptr,
556 1880 724 1943 ereb-deaeon,
731 1880 881 1947 presented
897 1881 930 1947 by
943 1880 988 1933 tlte
1000 1880 1159 1933 Abbotand
1176 1882 1302 1935 Convent
1316 1884 1352 1949 of
1360 1882 1442 1949 Croy·

247 1960 367 2099 mea
378 1961 523 2015 instituted
537 1966 565 2013 te
581 1961 627 2013 tlte
643 1962 743 2015 chereti
764 1962 799 2030 of
811 1961 938 2029 Rar‘ttrby.
976 1962 1033 2014 Ttee
1044 1964 1164 2029 pensiore
1176 1964 1201 2015 is
1212 1963 1341 2016 reserned
1356 1969 1384 2016 to
1395 1964 1440 2016 tte

357 2100 367 2110 a

273 2163 647 2226 RADEBY.-Ricardus
678 2162 764 2226 filius
796 2162 940 2239 Radulfi,
971 2163 1203 2241 subdiaconus
1230 2174 1442 2245 presentatus

184 2286 243 2347 per
268 2266 438 2329 Abbatem
465 2277 499 2331 et
523 2276 725 2329 conventum
752 2266 930 2349 Croyland'
953 2265 995 2328 ad
1020 2266 1193 2329 ecclesiam
1218 2266 1261 2329 de
1288 2267 1439 2350 Radeby,

184 2368 273 2432 facta
304 2370 394 2452 prius
425 2370 638 2451 inquisitione
669 2390 727 2451 per
766 2370 814 2446 R.,
846 2370 1130 2433 Archidiaconum
1171 2369 1352 2447 Lincolnie,
1382 2392 1443 2454 per

183 2493 295 2555 quam,
310 2483 381 2549 etc,
397 2473 562 2536 admissus
581 2483 642 2549 est,
660 2483 695 2536 et
711 2474 795 2536 inea
806 2473 966 2537 canonice
983 2492 1124 2554 persona
1140 2473 1311 2537 institutus
1318 2497 1325 2552 ;
1349 2476 1440 2538 salva

182 2576 310 2639 eisdem
334 2577 506 2639 monachis
529 2576 643 2640 debita
665 2587 699 2640 et
730 2578 867 2658 antiqua
891 2577 1051 2658 pensione
1073 2576 1116 2639 de
1142 2576 1269 2641 eadem.
1316 2579 1362 2641 Et
1391 2580 1442 2642 in-

180 2679 335 2761 junctum
351 2690 402 2743 est
419 2680 674 2757 Archidiac0n0,
690 2681 845 2762 presenti,
860 2689 907 2757 ut,
922 2690 983 2743 etc.

183 2866 325 2933 [Re'cteard
330 2866 364 2918 de
374 2867 481 2928 Sntton,
493 2866 662 2927 snddeaeen,
669 2866 818 2934 presented
827 2866 860 2934 by
867 2866 912 2919 tlte
922 2866 1073 2933 Mesterof
1078 2866 1123 2919 the
1136 2866 1227 2919 Order
1236 2868 1271 2935 of
1277 2868 1444 2938 Semprtng·

249 2949 323 3012 tram,
335 2947 396 2999 and
400 2947 445 3000 tte
453 2947 606 3000 Pn'erand
612 2948 779 3016 Conventof
783 2947 905 3029 Oresten
915 2948 1014 3015 astera
1023 2947 1132 3014 de'spnte
1140 2948 1222 3000 about
1228 2948 1439 3019 thepatronege,

184 3077 189 3086 .
250 3031 276 3083 is
287 3030 432 3083 instituted
440 3035 466 3082 te
477 3030 522 3082 tlte
532 3029 633 3083 eknrctt
644 3031 680 3097 ef
690 3029 950 3095 Welten-leWold]

271 3148 697 3212 WELETON'.—Ricardus
727 3149 769 3212 de
800 3148 942 3225 Sutton',
969 3148 1201 3227 subdiaconus,
1232 3160 1443 3231 presentatus

181 3274 243 3336 per
266 3253 467 3334 Magistrum
489 3252 615 3315 ordinis
633 3252 676 3315 de
696 3251 949 3334 Sempingham’
964 3261 997 3315 et
1020 3253 1167 3315 Priorem
1186 3263 1220 3317 et
1239 3264 1440 3317 conventum

181 3357 224 3420 de
242 3355 412 3438 Ormesby
428 3355 471 3418 ad
487 3356 660 3419 eeclesiam
677 3355 720 3418 de
736 3355 915 3432 Welleton,
932 3356 1019 3419 facta
1040 3356 1130 3438 prius
1150 3356 1363 3437 inquisitione
1383 3378 1443 3439 per

182 3462 232 3537 R,
251 3459 536 3522 Archidiaconum
554 3459 736 3536 Lincolnie,
746 3479 806 3540 per
815 3479 926 3541 quam,
936 3469 1012 3536 etc.;
1035 3460 1197 3541 susceptis
1207 3460 1308 3522 etiam
1325 3459 1443 3523 litteris

182 3564 337 3627 Domini.
358 3564 461 3645 Regis
489 3563 578 3645 quod
611 3563 703 3626 Prior
729 3562 771 3626 de
799 3562 967 3644 Ormesby
992 3564 1026 3625 in
1051 3564 1141 3625 curia
1168 3564 1270 3645 ipsius
1302 3564 1439 3626 Domini

183 3668 291 3751 Regis
318 3687 430 3730 coram
459 3666 649 3747 justiciariis
679 3668 747 3730 suis
777 3666 867 3748 apud
898 3667 1245 3743 Westmonasterium,
1275 3688 1334 3749 per
1363 3688 1442 3729 con-

180 3771 420 3835 siderationem
444 3771 595 3852 ejusdem
620 3771 708 3834 curie
732 3771 938 3853 recuperavit
968 3772 1249 3853 presentationem
1280 3790 1374 3833 suam
1398 3771 1440 3833 ad

180 3877 292 3957 ipsam
329 3873 504 3937 ecclesiam
535 3873 578 3935 de
608 3873 795 3950 Welleton',
825 3894 938 3936 versus
977 3874 1152 3938 Conanum
1183 3872 1226 3936 de
1256 3872 1443 3950 Welleton’,

179 3978 349 4042 admissus
364 3987 424 4053 est,
440 3977 503 4060 [et]
519 3978 552 4039 in
568 3997 609 4040 ea
628 3978 789 4040 canonice
805 3997 947 4060 persona
963 3977 1141 4041 institutus,
1189 3977 1234 4039 Et
1253 3976 1440 4057 injunctum

179 4092 232 4145 est
250 4080 341 4143 dicto
358 4080 617 4156 Archidiac⁰n0,
632 4082 787 4163 presenti,
803 4090 848 4157 ut,
863 4090 925 4143 etc.

180 4284 361 4353 [Alexander
378 4283 412 4337 de
434 4284 577 4352 Stanferd,
600 4283 768 4347 subdeacon,
786 4284 938 4351 presented
956 4284 989 4352 by
1010 4285 1055 4336 tlte
1076 4283 1166 4336 Abbot
1185 4284 1245 4336 end
1267 4284 1392 4337 Convent
1411 4285 1449 4351 of

249 4365 386 4433 Tharnen
397 4366 423 4417 is
433 4364 579 4417 e‘nstitnted
586 4370 614 4417 to
624 4364 671 4417 the
680 4364 782 4418 churctt
793 4366 829 4431 of
836 4366 876 4418 St.
893 4365 1016 4429 Gutnlnc,
1029 4364 1144 4418 Market
1154 4365 1301 4433 Deeping.]

273 4484 348 4549 EST
395 4484 773 4566 DEPING’.-Magister
820 4482 1018 4547 Alexander
1060 4483 1102 4546 de
1149 4482 1326 4559 Stansord',
1364 4483 1441 4545 sub-

180 4589 355 4664 diaconus
379 4597 588 4669 presentatus
613 4609 672 4669 per
697 4587 866 4651 Abbatem
893 4598 927 4650 et
951 4596 1154 4650 conventum
1179 4586 1222 4649 de
1249 4586 1372 4649 Thorn'
1398 4586 1442 4649 ad

181 4692 359 4755 ecclesiam
381 4691 496 4756 Sancti
518 4691 674 4755 Guthlaci
694 4692 737 4755 de
758 4692 820 4754 Est
841 4692 996 4773 Deping',
1011 4690 1100 4753 sacta
1119 4691 1210 4772 prius
1229 4690 1443 4776 inquisitione

182 4816 242 4877 per
274 4794 325 4870 R.,
355 4794 640 4857 Archidiaconum
676 4795 858 4869 Lincolnie,
888 4815 947 4877 per
977 4814 1089 4875 quam,
1119 4803 1190 4870 etc,
1220 4793 1262 4856 ad
1298 4793 1440 4856 eandem

182 4898 353 4962 admissus
372 4908 431 4975 est,
447 4908 481 4962 et
501 4899 535 4961 in
555 4919 595 4961 ea
610 4898 769 4962 canonice
790 4918 933 4981 persona
953 4898 1133 4961 institutus.
1180 4898 1226 4961 Et
1246 4897 1442 4961 mandatum

182 5013 235 5067 est
251 5002 346 5066 dicto
362 5001 609 5066 Archidiacono
624 5012 661 5065 ut
677 5002 804 5065 dictum
823 5002 1034 5084 Magistrum,
1049 5013 1119 5067 etc..
