3550 5692
336 571 404 641 118
674 568 811 641 Rutuli
833 569 1010 665 Hugonz's
1035 570 1079 643 dr
1114 568 1245 643 Willis

331 810 420 873 iacta
446 810 536 891 prius
560 808 773 890 inquisitione
798 830 857 891 per
880 808 1163 877 Archidiaconum
1189 808 1370 885 Lincolnie,
1394 828 1589 891 perquam,

330 924 402 991 etc,
430 923 463 977 et
495 911 641 975 Ricardo
670 911 713 976 de
746 912 894 989 Halton',
923 913 979 995 qui
1019 913 1175 995 proximo
1205 912 1267 977 fuit
1298 923 1406 976 rector
1434 910 1587 993 ejusdem

330 1016 477 1090 ecclesie,
496 1014 677 1079 confitente
698 1015 733 1077 in
749 1015 824 1097 jure
842 1023 878 1079 se'
901 1027 1082 1081 uxoratum
1101 1037 1174 1081 esse
1193 1026 1227 1079 et
1247 1015 1389 1079 eandem
1412 1015 1586 1078 ecclesiam

331 1121 528 1203 resignante,
543 1119 708 1182 admissus
727 1129 788 1192 est,
805 1130 839 1183 et
859 1120 893 1182 in
912 1140 954 1183 ea
972 1121 1130 1185 canonice
1152 1139 1294 1202 persona
1314 1119 1493 1183 institutus
1538 1118 1587 1186 vEt

330 1225 515 1305 injunctum
539 1232 589 1286 est
615 1222 868 1299 Archidiac0n0,
892 1225 1046 1305 presenti,
1065 1234 1126 1289 etc.
1173 1224 1250 1287 Non
1274 1223 1436 1287 habemus
1460 1223 1589 1285 litteras

332 1327 561 1409 inquisitionis

330 1514 466 1581 [Thomas
481 1514 515 1565 de
530 1514 775 1574 Revertatuulerk,
786 1514 900 1582 already
910 1515 1072 1582 possessing
1088 1530 1140 1567 one
1156 1515 1277 1582 mediety,
1297 1516 1322 1566 is
1337 1514 1484 1567 instituted
1498 1518 1525 1565 to
1543 1512 1588 1565 tiu

395 1594 767 1663 whouctrurctrosFirsby.]
1005 1610 1007 1614 ’

418 1705 796 1787 FRISEBv.—Magistro
820 1705 952 1768 Thome
981 1705 1024 1768 de
1049 1706 1237 1781 Beverlac0,
1261 1706 1389 1781 clerico,
1413 1706 1469 1787 qui
1496 1705 1586 1787 prius

330 1809 391 1872 suit
407 1819 514 1871 rector
529 1808 625 1871 unius
646 1807 834 1872 medietatis
853 1809 991 1871 ecclesie
1012 1807 1054 1872 de
1072 1809 1219 1891 Friseby,
1234 1819 1268 1872 et
1287 1819 1405 1891 postea
1421 1807 1464 1871 ad
1484 1808 1584 1871 aliam

331 1914 544 1976 medietatem
562 1933 620 1994 per
632 1912 801 1976 Abbatem
814 1923 849 1975 et
864 1921 1065 1975 conventum
1078 1911 1121 1975 de
1135 1911 1275 1976 Barden'
1288 1911 1349 1975 luit
1367 1921 1586 1994 presentatus,

329 2016 485 2080 dominus
502 2017 688 2099 Episcopus
708 2016 798 2078 illam
817 2017 991 2079 ecclesiam
1011 2016 1240 2092 consolidavit,
1255 2026 1289 2080 et
1316 2016 1442 2079 dictum
1461 2016 1586 2098 Magis-

329 2130 417 2184 trum
449 2120 616 2183 Thomam
647 2120 689 2183 ad
720 2129 826 2183 totam
864 2120 1006 2183 eandem
1038 2120 1213 2183 ecclesiam
1246 2119 1391 2195 admisit,
1422 2130 1456 2183 et
1486 2121 1520 2201 in
1546 2141 1586 2183 ea

329 2225 488 2288 canonice
506 2245 682 2307 personam
704 2225 866 2301 instituit;
889 2224 981 2287 salva
1004 2226 1051 2288 eis
1074 2224 1116 2287 de
1132 2224 1250 2287 eadem
1267 2224 1406 2287 ecclesia
1422 2223 1537 2286 debita
1552 2234 1585 2286 et

329 2328 466 2409 antiqua
482 2328 649 2410 pensione.
696 2328 741 2390 Et
758 2327 954 2390 mandatum
971 2338 1022 2391 est
1040 2322 1287 2390 Archi'diacono
1304 2326 1487 2402 Lincolnie,
1503 2337 1563 2389 etc.

329 2512 465 2577 [Rz‘clrard
472 2512 506 2564 de
516 2512 645 2579 Bestorp'.
654 2512 791 2579 chaplniu
798 2512 949 2579 presented
956 2513 989 2580 by
1000 2512 1214 2569 Bartholomew.
1227 2512 1273 2565 tlte
1280 2516 1394 2579 parson,
1409 2512 1433 2564 is
1444 2510 1589 2564 instituted

393 2600 420 2648 to
431 2610 449 2645 a
459 2596 590 2662 vi'carage
601 2594 636 2661 of
642 2600 686 2646 teu
699 2594 794 2646 marks
804 2596 835 2646 in
846 2595 892 2648 the
903 2595 1003 2647 chureii
1016 2595 1051 2662 of
1058 2595 1194 2663 Sueten]

417 2713 639 2777 SWAVETON'
684 2713 1065 2777 VICARIA.-Ricardus
1106 2714 1149 2777 de
1189 2713 1347 2795 Bestorp'‚
1386 2711 1586 2794 capellanus,

330 2826 538 2899 presentatus
569 2838 627 2898 per
653 2817 933 2894 Bertholomeum,
961 2838 1136 2899 personam
1151 2817 1301 2880 ecclesie
1327 2817 1371 2880 de
1398 2817 1585 2883 Swaveton’

330 2920 372 2983 de
409 2940 571 2983 consensu
609 2919 745 2983 domiue
784 2920 955 2996 Nicholae,
998 2931 1146 3003 patrone,
1184 2920 1226 2983 ad
1271 2921 1427 2983 vicariam
1470 2920 1585 2982 decem

331 3043 515 3085 marcarum
532 3043 716 3085 annuarum
734 3024 879 3086 incertis
902 3024 1108 3105 portionibus
1130 3024 1390 3105 assingnandam
1418 3024 1451 3085 in
1467 3022 1585 3085 eadem

329 3127 477 3202 ecclesia,
496 3126 661 3189 admissus
684 3137 744 3203 est,
762 3138 796 3190 et
819 3128 852 3190 iu
876 3149 916 3190 ea
939 3138 1117 3210 perpetuus
1142 3128 1282 3189 vicarius
1306 3128 1489 3202 institutus,
1510 3146 1585 3188 cum

330 3251 430 3293 onere
453 3242 486 3294 et
510 3251 596 3312 pena
618 3222 823 3293 vicariorum.
871 3231 916 3294 Et
944 3232 1129 3313 injunctum
1157 3242 1208 3293 est
1232 3230 1480 3293 Archidiacono
1509 3230 1587 3291 Lin-

330 3334 438 3396 colnie
458 3342 494 3395 ut
513 3333 687 3415 provideat
707 3336 740 3396 in
761 3335 880 3415 quibus
901 3335 1109 3417 portionibus
1133 3333 1189 3396 illa
1212 3334 1335 3396 vicaria
1358 3342 1589 3414 competenter

331 3439 436 3520 possit
452 3439 641 3515 consistere,
652 3449 687 3501 et
698 3439 793 3521 ,quod
809 3439 955 3515 inducat,
967 3449 1027 3502 etc.
1074 3439 1237 3503 Consistit
1253 3449 1365 3501 autem
1382 3438 1454 3519 ipsa
1467 3437 1586 3499 vicaria

332 3543 364 3603 in
385 3552 457 3604 toto
477 3542 637 3624 alteragio
657 3552 726 3605 tam
748 3545 894 3605 matricis
917 3543 1055 3607 ecclesie
1078 3564 1179 3624 quam
1203 3542 1330 3624 capelle
1353 3541 1395 3604 de
1419 3541 1586 3621 Suaneby,

332 3665 408 3707 cum
430 3646 528 3708 tertia
547 3656 641 3727 parte
663 3646 737 3709 tosti
758 3645 898 3709 ecclesie
920 3667 1033 3709 versus
1054 3646 1253 3729 aquilonem,
1270 3655 1303 3709 et
1324 3644 1429 3707 solvet
1447 3645 1586 3706 vicarius

332 3747 502 3824 sinodalia,
515 3759 548 3811 et
558 3750 740 3830 hospitium
755 3750 1001 3813 Archidiacono
1012 3751 1208 3832 procurabit.
1247 3749 1302 3831 [Iu
1313 3748 1366 3810 tlte
1377 3748 1507 3829 margin
1520 3746 1588 3828 .·-]

333 3851 411 3913 Non
428 3851 592 3915 habemus
608 3853 734 3916 litteras
751 3855 1008 3935 presentationis
1023 3875 1084 3917 nec
1101 3854 1211 3916 literas
1227 3852 1270 3915 de
1286 3872 1456 3915 consensu.

398 3994 495 4059 [Mem.
513 3994 549 4061 4.]
641 4041 644 4047 ,

333 4081 422 4149 [John
438 4086 472 4134 de
487 4083 639 4145 Lincolnia,
652 4084 819 4147 sub-duacen,
833 4086 982 4151 presented
996 4086 1029 4155 by
1040 4086 1134 4138 Adam
1148 4102 1198 4138 sou
1211 4086 1247 4151 os
1253 4084 1398 4152 Reginuld,
1412 4085 1436 4135 is
1446 4083 1591 4136 instituted

397 4165 477 4216 vz'cur
485 4166 521 4231 os
526 4181 543 4216 a
556 4165 670 4233 mediety
681 4166 766 4232 ostiu
777 4167 878 4220 chureii
890 4170 925 4235 of
931 4168 1085 4236 [ravenii]

422 4282 830 4364 NAVENBl⁷.-Johannes
854 4285 896 4348 de
920 4286 1103 4361 Lincolnia,
1126 4284 1358 4363 subdiaconus
1379 4291 1589 4365 presentatus

334 4405 393 4466 per
424 4384 547 4461 Adam,
577 4384 681 4449 filium
714 4388 901 4471 Reginaldi,
933 4410 1122 4471 personam,
1147 4387 1335 4451 medietatis
1372 4387 1509 4450 ecclesie
1547 4386 1588 4448 de

335 4488 510 4571 Navenby,
547 4489 590 4553 de
627 4512 790 4554 consensu
823 4492 967 4556 Abbatis
1005 4504 1039 4557 et
1076 4502 1259 4555 conventus
1298 4492 1412 4557 Sancti
1452 4490 1588 4552 Martini

336 4592 514 4673 SagiensiS,
538 4594 580 4656 ad
606 4596 761 4657 vicariam
789 4596 878 4660 dicte
906 4596 1094 4660 medietatis
1119 4597 1283 4659 admissus
1308 4604 1368 4670 est,
1391 4604 1425 4657 et
1449 4596 1589 4656 vicarius

334 4706 513 4778 perpetuus
547 4698 727 4774 institutus,
758 4720 833 4761 cum
867 4721 967 4763 onere
996 4711 1030 4763 et
1060 4721 1147 4782 pena
1176 4700 1381 4762 vicariorum.
1440 4698 1590 4760 Habebit

334 4808 446 4861 autem
464 4798 552 4862 idem
565 4801 735 4883 Johannes
752 4804 887 4866 nomine
899 4805 1019 4867 vicarie
1035 4824 1093 4866 sue
1109 4813 1215 4866 totam
1232 4802 1356 4865 dictam
1374 4799 1587 4863 medietatem

334 4903 482 4977 ecclesie,
521 4904 692 4969 reddendo
735 4906 812 4969 inde
852 4928 955 4970 unum
996 4927 1132 4970 aureum
1172 4925 1319 4969 annuum
1359 4904 1468 4969 eidem
1504 4903 1588 4978 Ade,

334 5016 507 5087 tamquam
539 5028 687 5089 persone,
718 5010 853 5073 nomine
884 5012 1062 5093 pensionis
1092 5019 1125 5074 et
1156 5011 1266 5073 veniet
1300 5008 1393 5073 idem
1420 5007 1588 5089 Johannes
