3550 5692
581 574 758 681 Estbcopi
781 573 1065 659 lincolniensis.

194 821 310 891 [Letters
320 821 407 890 qstlu
420 820 496 891 Earl
504 822 540 890 os
549 821 663 874 Chcster
670 820 731 873 and
739 821 878 886 [ἱκεσία]

393 934 560 996 Lnrnna
584 933 742 998 Comus
766 934 928 999 Casama
952 947 1000 997 ar
1025 934 1249 997 Lrucomvm.

284 1062 482 1126 Reverendo
519 1063 605 1144 patri
648 1062 680 1124 in
720 1062 854 1126 Christo
887 1071 921 1125 et
960 1062 1118 1138 Domino,
1153 1061 1206 1136 H,
1244 1060 1308 1124 Dei
1345 1061 1454 1142 gratia

197 1164 421 1228 Lincolniensi
461 1166 639 1248 Episcopo,
680 1165 822 1229 devotus
864 1164 949 1228 filius
994 1165 1042 1241 R,
1084 1164 1205 1228 Comes
1250 1163 1377 1227 Cestrie
1419 1172 1454 1226 et

197 1267 378 1345 Lincolnie‚
401 1269 543 1333 salutem
575 1270 607 1332 in
631 1268 747 1332 salutis
771 1270 928 1333 Auctore.
976 1268 1115 1331 Noverit
1138 1268 1322 1351 paternitas
1344 1277 1454 1331 vestra

195 1371 286 1453 quod
311 1371 429 1435 Abbas
453 1372 568 1436 Sancti
594 1371 748 1435 Nicholai
771 1372 814 1436 de
837 1372 1040 1455 Andegavia
1066 1370 1108 1433 ad
1137 1392 1200 1447 me,
1223 1381 1385 1453 tanquam
1410 1370 1453 1433 ad

195 1484 373 1556 patronum
390 1476 554 1558 prioratus
570 1475 685 1540 Sancti
704 1475 857 1539 Nicholai
873 1475 917 1539 de
934 1475 1106 1558 Spalding’
1122 1476 1271 1553 accessit,
1287 1484 1330 1552 et,
1348 1474 1455 1559 petita

194 1578 284 1659 prius
299 1599 320 1641 a
340 1598 394 1642 me
413 1578 548 1642 licentia
566 1578 720 1661 eligendi,
737 1578 837 1641 michi
858 1579 1062 1661 presentavit
1084 1579 1117 1641 in
1140 1578 1286 1642 Priorem
1302 1576 1453 1659 ejusdem

195 1680 315 1744 domus
353 1681 527 1745 dominum
561 1682 762 1764 Johannem,
796 1682 943 1745 Priorem
980 1681 1022 1745 de
1061 1681 1223 1764 Kirkeby,
1258 1680 1347 1745 unde
1377 1681 1456 1763 quia

196 1784 306 1848 audivi
330 1794 365 1848 et
395 1785 545 1868 intelligo
575 1787 684 1867 ipsum
715 1804 788 1847 esse
814 1785 921 1848 virum
950 1785 1126 1867 providum
1151 1794 1185 1848 et
1215 1785 1393 1848 honestum
1421 1793 1455 1848 et

195 1887 384 1965 discretum,
396 1888 438 1951 ad
455 1889 518 1952 hoc
534 1909 706 1952 assensum
723 1888 873 1970 prebens,
885 1888 1030 1952 eundem
1047 1889 1237 1970 Johannem
1255 1908 1314 1970 per
1329 1888 1455 1952 litteras

198 2013 288 2056 meas
304 2002 457 2075 patentes
473 1993 506 2055 in
524 1992 670 2056 Priorem
687 1990 776 2055 dicte
791 1979 913 2055 domus
928 1992 971 2055 de
989 1991 1161 2076 Spalding'
1178 1993 1272 2056 vobis
1291 2002 1456 2075 presento,

196 2095 316 2159 devote
346 2095 537 2179 supplicans
560 2096 718 2178 quatinus
745 2096 772 2158 si
799 2095 910 2178 placet
937 2096 999 2159 hoc
1022 2096 1112 2177 quod
1136 2090 1283 2159 vestrum
1310 2090 1362 2159 est
1384 2096 1455 2159 sine

196 2198 391 2262 difficultate
417 2208 450 2261 et
474 2198 635 2261 dilatione
659 2185 754 2265 circa
772 2199 882 2281 ipsum
908 2200 1030 2281 exequi
1056 2198 1175 2263 velitis.
1223 2199 1314 2263 Bene
1340 2198 1451 2263 valeat

198 2303 381 2385 paternitas
396 2311 505 2366 vestra
521 2302 555 2365 in
573 2302 729 2366 Domino
1188 2300 1191 2306 '

197 2471 313 2541 [latters
322 2472 359 2539 os
373 2472 556 2532 Cmrstantius.
569 2471 703 2539 Abbotos
708 2472 747 2526 St.
761 2472 903 2533 Naubolus,
915 2472 1047 2541 Angers]

382 2591 550 2654 errnnn
574 2591 821 2669 Consanum,
844 2591 1010 2655 Amanus
1033 2590 1273 2654 Auunonvm.

283 2723 451 2802 Omnibus
467 2736 590 2801 Christi
607 2734 760 2800 fidelibus
776 2737 819 2800 ad
831 2757 916 2819 quos
932 2756 1068 2819 presens
1084 2737 1243 2819 scriptum
1260 2708 1455 2820 pervenerit,

197 2840 422 2917 Constantius
438 2840 552 2904 divina
568 2841 786 2923 permissione
802 2841 921 2904 Abbas
939 2840 1054 2905 Sancti
1075 2840 1106 2903 N
1110 2839 1229 2903 icholai
1248 2840 1455 2924 Andegavie,

198 2944 339 3008 salutem
356 2944 389 3007 in
407 2944 563 3008 Domino
610 2944 779 3007 Noveritis
797 2965 856 3009 vos
880 2943 1007 3008 litteras
1030 2942 1151 3007 nobilis
1166 2944 1227 3008 viri
1252 2945 1300 3021 R,
1316 2944 1457 3010 Comitis

198 3049 325 3113 Cestrie
340 3058 374 3111 et
395 3048 576 3125 Lincolnie‚
592 3050 724 3130 patroni
745 3049 910 3131 prioratus
931 3047 1113 3131 Spalding'‚
1129 3049 1332 3131 impetrasse,
1348 3059 1382 3113 et
1400 3071 1457 3113 eas

197 3174 241 3217 ex
266 3161 361 3235 parte
385 3172 446 3215 sua
471 3151 650 3216 venerabili
678 3154 763 3235 patri
791 3153 1016 3238 Lincolniensi
1045 3153 1223 3236 Episcop0‚
1241 3153 1284 3216 H.
1301 3153 1457 3231 secundo,

197 3278 257 3340 pro
282 3255 379 3319 nobis
405 3257 593 3339 porrexisse
616 3256 679 3320 sub
701 3258 764 3320 hac
786 3257 912 3321 forma:
937 3257 1135 3320 Reverendo
1158 3258 1244 3339 patri
1268 3258 1301 3320 in
1325 3258 1458 3322 Christo

197 3360 335 3424 domino
350 3359 403 3436 H,
417 3359 481 3423 Dei
494 3361 602 3442 gratia
616 3360 840 3424 Lincolniensi
854 3361 1033 3444 Episcop0‚
1045 3371 1116 3437 etc,
1128 3371 1165 3425 ut
1178 3382 1279 3445 supra
1290 3362 1324 3425 in
1341 3362 1457 3426 litteris

196 3463 277 3527 dicti
309 3463 457 3528 Comitis
509 3464 601 3527 Bene
631 3464 741 3527 valeat
771 3466 953 3547 paternitas
983 3475 1109 3528 vestras
1141 3465 1174 3527 in
1203 3464 1360 3529 Domino
1417 3466 1456 3529 ln

196 3566 305 3649 hujus,
334 3588 421 3643 vero,
452 3567 497 3630 rei
532 3568 761 3630 testimonium
792 3568 938 3651 presenti
975 3568 1099 3650 scripto
1129 3566 1274 3650 sigillum
1305 3578 1455 3632 nostrum

197 3671 358 3734 duximus
374 3670 621 3753 apponendum.
669 3671 745 3734 Hiis
766 3671 916 3747 testibus,
930 3671 1095 3752 Johanne,
1113 3671 1225 3734 Priore
1239 3668 1457 3755 de‘Kirkeby

198 3775 432 3858 suprascripto,
450 3775 614 3857 Magistro
631 3774 800 3838 Willelmo
816 3774 859 3838 de
882 3775 1045 3857 Candeyo
1067 3784 1101 3839 et
1116 3774 1270 3856 Johanne
1293 3775 1336 3839 de
1360 3776 1453 3841 Coln'

198 3877 381 3954 monachis
399 3877 563 3959 Magistro
587 3878 726 3940 Warino
750 3877 793 3942 de
819 3879 978 3961 Segreyo,
996 3878 1123 3955 clerico,
1142 3889 1176 3942 et
1200 3880 1281 3942 aliis
1329 3880 1456 3944 Datum

199 3980 287 4063 apud
313 3979 472 4063 Kildeby‚
494 4001 582 4044 anno
605 3982 711 4063 gratie
736 3982 786 4044 Μο
805 3982 875 4047 CC⁰
893 3982 1051 4045 vicesimo
1074 3963 1172 4060 nonu,
1192 3982 1278 4064 xiiij⁰
1295 3982 1455 4048 kalendas

202 4084 323 4148 Martii.

198 4252 316 4321 [Letters
327 4254 363 4321 os
369 4254 524 4307 revocation
535 4255 571 4322 os
577 4254 623 4307 the
633 4269 710 4306 same
720 4254 814 4323 Em]

256 4339 259 4343 ⁸
441 4363 610 4427 Lmrnna
633 4378 735 4429 u1cr1
759 4364 918 4429 Consus
942 4380 1213 4431 nuvocnroma.

210 4490 213 4495 ¹
285 4500 487 4579 Venerabili,
506 4510 577 4578 etc,
600 4501 653 4578 H,
671 4501 895 4565 Lincolniensi
915 4502 1093 4586 Episcopo,
1110 4504 1159 4580 R,
1176 4504 1299 4568 Comes
1322 4505 1458 4583 Cestrie,

130 4628 135 4643 ·
198 4614 269 4682 etc,
285 4604 438 4681 salutem,
458 4614 519 4668 etc.
566 4604 699 4669 Dilecte
723 4606 915 4688 paternitati
943 4616 1051 4671 vestre
1076 4616 1188 4690 grates
1215 4608 1319 4673 refero
1346 4610 1456 4675 multi-

201 4709 303 4791 plices
333 4728 433 4791 super
463 4708 526 4771 hoc
557 4709 646 4791 quod
674 4710 728 4791 jus
759 4709 849 4791 quod
879 4710 988 4774 habeo
1018 4712 1051 4773 in
1082 4720 1261 4793 patronatu
1292 4713 1456 4795 prioratus

200 4811 373 4895 Spalding'
395 4810 526 4874 firmum
550 4822 584 4875 et
607 4812 726 4876 stabile
749 4812 848 4877 vultis
872 4834 1009 4877 servare.
1057 4814 1168 4893 Nullo
1191 4816 1289 4893 enim,
1314 4817 1415 4881 modo
1438 4840 1458 4881 a

200 4914 308 4978 forma
330 4916 582 4998 compositionis
605 4916 690 4979 inter
714 4937 766 4979 me
789 4926 823 4979 et
844 4914 1013 4981 Abbatem
1032 4917 1230 5000 Andegavie
1252 4920 1458 5002 superdicto

200 5029 388 5100 patronatu,
416 5020 449 5092 in
477 5019 644 5102 presentia
664 5028 773 5083 vestra
796 5019 892 5096 facte,
916 5018 992 5083 volo
1014 5021 1304 5100 recedere;,unde‚
1325 5025 1404 5106 quia
1424 5026 1456 5087 in
