3550 5692
230 531 237 558 ¹
327 565 392 635 132
660 542 795 615 Rotnti
818 542 995 639 Hngone's
1020 541 1063 615 de
1099 541 1231 614 Welles

323 780 449 844 Abbati
469 790 503 843 et
529 780 736 863 con[ventui]
752 780 794 844 de
810 781 919 844 Thor’.
966 780 1124 856 Habebit,
1139 780 1250 855 etiarn,
1266 779 1406 843 vicarius
1424 778 1468 841 de
1487 789 1577 842 terra

321 884 459 947 ecclesie
483 882 569 946 illius
587 882 671 946 duas
698 904 790 947 acras
814 892 848 947 et
871 882 1046 946 dimidiam
1062 882 1105 946 de
1129 892 1216 946 terra
1235 882 1367 945 atrabili
1383 881 1426 944 ad
1452 881 1574 946 toftum

321 1008 417 1049 suum
435 987 468 1049 in
484 986 558 1049 loco
574 996 787 1069 competente
795 986 1045 1069 assignandum,
1054 997 1088 1050 et
1099 985 1183 1049 duas
1196 1006 1288 1049 acras
1300 986 1385 1068 prati
1396 985 1439 1048 ad
1450 1005 1573 1067 equum

321 1110 417 1153 suum
434 1089 705 1167 sustentandum;
727 1100 761 1153 et
780 1089 958 1153 sustinebit
976 1090 1090 1153 omnia
1105 1109 1207 1153 onera
1223 1088 1432 1172 parochialia,
1447 1089 1576 1171 episco-

321 1195 418 1276 palia,
438 1193 717 1257 archidiaconalia
736 1214 797 1277 pro
816 1193 921 1257 tribus
943 1193 1092 1275 partibus
1111 1193 1272 1277 prelibate
1290 1192 1437 1270 ecclesie,
1457 1212 1574 1274 quam-

320 1298 377 1361 diu
393 1298 514 1379 vixerit
526 1296 698 1373 Ricardus,
712 1298 769 1379 qui
785 1306 877 1360 tenet
893 1307 1046 1378 quartam
1063 1297 1250 1379 portionem
1263 1295 1415 1378 ejusdem
1428 1296 1577 1370 ecclesie,

320 1412 354 1465 et
369 1402 511 1464 sustinet
526 1401 638 1463 omnia
653 1420 755 1463 onera
774 1399 923 1482 predicta
944 1420 1003 1481 pro
1022 1410 1141 1481 quarta
1166 1410 1260 1482 parte
1284 1420 1386 1481 quarn
1413 1399 1515 1462 habet
1540 1399 1572 1460 in

320 1504 459 1569 ecclesia
475 1513 674 1580 memorata;
696 1503 788 1567 dicto
803 1513 916 1567 autem
934 1503 1079 1568 Ricardo
1095 1504 1151 1585 qui
1168 1502 1258 1566 illam
1276 1513 1405 1585 partem
1418 1512 1519 1578 tenet,
1532 1502 1576 1564 de

321 1608 432 1671 medio
462 1608 594 1671 sublato
618 1617 750 1670 tantum
777 1607 900 1669 vicaria
924 1605 1022 1670 fuerit
1046 1606 1079 1669 in
1104 1606 1256 1670 solidum.
1313 1606 1407 1671 Idem
1434 1607 1574 1669 vicarius

320 1710 497 1775 sustinebit
523 1710 637 1773 omnia
661 1730 763 1773 onera
793 1709 942 1792 predicta
973 1710 1006 1772 in
1032 1709 1184 1773 solidum.
1231 1710 1277 1773 Et
1302 1709 1498 1773 mandatum
1524 1718 1575 1772 est

320 1816 411 1879 dicto
427 1814 675 1878 Archidiacono
690 1824 736 1891 ut,
751 1824 812 1878 ete.

320 1986 454 2053 [Thomas
470 1984 504 2038 αἰ
523 1984 684 2047 Citerlecott’,
703 1984 781 2047 clerte,
794 1984 944 2051 presented
959 1983 992 2053 by
1011 1984 1110 2037 Robert
1128 1983 1161 2036 de
1180 1982 1296 2047 Davill',
1312 1984 1337 2035 is
1351 1982 1498 2035 instituted
1514 1987 1541 2034 to
1557 1998 1574 2033 a

379 2068 499 2133 pensione
510 2068 546 2133 of
553 2084 585 2117 ιο
600 2066 734 2133 sitillings
745 2066 777 2117 in
792 2065 838 2118 tite
855 2066 955 2118 chureii
976 2066 1013 2133 of
1030 2064 1105 2118 West
1121 2064 1278 2117 Barkwitit.
1324 2064 1351 2115 T
1347 2064 1382 2116 ite
1398 2066 1529 2132 vicarage
1551 2066 1576 2115 is

383 2148 514 2201 reservet
523 2153 549 2201 to
561 2147 602 2207 R..
615 2147 686 2199 dean
696 2148 732 2215 of
742 2148 834 2212 γονὴ]

407 2245 535 2306 PARVA
552 2242 958 2305 BARKWRD'.—Thomas
979 2242 1021 2305 de
1038 2241 1245 2318 Cherlecott’,
1268 2242 1415 2317 clericus
1441 2262 1575 2323 presen-

319 2358 409 2411 tatus
440 2367 498 2428 per
529 2345 712 2408 Robertum
744 2344 787 2407 de
818 2328 948 2421 Dauill',
979 2345 1127 2421 militem,
1158 2344 1200 2407 ad
1231 2346 1426 2427 pensionem
1457 2345 1572 2408 decem

319 2450 500 2513 solidorum
522 2449 554 2511 in
574 2448 715 2511 ecclesia
733 2448 776 2511 de
793 2449 899 2510 Parva
920 2448 1107 2524 Barcwrth',
1127 2447 1216 2510 facta
1243 2448 1332 2530 prius
1360 2448 1575 2529 inquisitione

319 2574 378 2635 per
399 2553 447 2629 R,
463 2551 747 2614 Archidiaconum
769 2551 950 2627 Lincolnie‚
971 2572 1029 2633 per
1053 2572 1163 2633 quarn,
1179 2561 1250 2627 ete,
1265 2550 1431 2613 admissus
1455 2560 1506 2613 est
1530 2550 1572 2612 ad

319 2656 470 2732 eandem,
492 2676 568 2717 cum
592 2676 692 2717 onere
715 2655 928 2717 residentiam
955 2653 1098 2717 faciendi
1125 2655 1157 2716 in
1186 2674 1225 2717 ea
1249 2675 1326 2717 curn
1351 2655 1525 2729 vacaverit,
1540 2663 1573 2716 et

320 2780 461 2842 persona
477 2759 647 2821 institutus
663 2780 670 2835 ;
693 2757 784 2821 salva
806 2758 854 2835 R,
871 2759 1010 2820 Decano
1034 2757 1186 2833 Eboraci,
1202 2756 1437 2839 quoadvixerit
1452 2758 1573 2820 vicaria

319 2885 379 2926 sua
394 2883 495 2944 quarn
511 2862 612 2925 habet
629 2862 661 2923 in
683 2861 810 2925 eadem.
858 2862 903 2924 Et
922 2861 1118 2926 mandatum
1138 2870 1188 2923 est
1211 2860 1302 2924 dicto
1319 2860 1575 2935 Archidiacono,

319 2979 379 3032 etc.

320 3134 443 3201 [Euseby
453 3133 487 3185 de
501 3132 691 3195 Gumecestn'a,
704 3131 782 3195 clerte,
790 3132 980 3201 presentedby
990 3132 1036 3184 tite
1048 3132 1158 3185 Master
1166 3133 1201 3194 of
1206 3132 1252 3185 tlte
1265 3132 1355 3184 Order
1363 3131 1399 3199 of
1412 3132 1573 3199 Semiring·

384 3216 450 3267 narn
462 3214 523 3266 and
533 3214 660 3266 Convent
672 3214 708 3281 of
718 3212 893 3281 Bullington,
906 3215 931 3265 is
947 3212 1091 3265 instituted
1104 3218 1131 3266 to
1146 3214 1192 3266 tie
1202 3214 1302 3267 cheren
1319 3215 1355 3282 of
1366 3213 1453 3267 Soutlt
1465 3213 1570 3276 Reston,

383 3301 488 3350 vacant
495 3296 528 3364 by
539 3296 584 3349 tlte
595 3296 768 3363 resignation
779 3295 1000 3364 ofAlexander.]

408 3389 769 3472 RISTONA.—Euseby
796 3389 839 3453 de
858 3390 1095 3465 Gumecestria,
1116 3389 1261 3467 clericus,
1280 3399 1489 3471 presentatus
1515 3409 1576 3470 per

321 3495 520 3576 Magistrum
538 3493 674 3558 Ordinis
690 3493 733 3556 de
745 3494 988 3576 Sempingham
1004 3504 1038 3557 et
1055 3494 1265 3558 Conventum
1282 3493 1325 3557 de
1339 3493 1519 3556 Bullinton'
1530 3492 1571 3555 ad

319 3599 493 3663 ecclesiam
516 3596 559 3660 de
576 3598 726 3673 Ristona,
743 3619 802 3679 per
825 3598 1083 3679 resignationem
1108 3597 1305 3673 Alexandri,
1320 3597 1516 3680 cappellani,
1530 3597 1571 3659 ad

320 3703 444 3767 dictam
461 3701 644 3777 ecclesiam,
662 3700 731 3781 jam
752 3702 880 3784 pridem
909 3722 967 3783 per
992 3700 1128 3764 eosdem
1147 3701 1347 3783 Magistrum
1367 3710 1401 3764 et
1417 3700 1571 3783 con[ven-

320 3806 407 3888 tum]
423 3806 612 3887 presentati,
632 3805 688 3885 qui
708 3824 808 3867 omne
825 3805 879 3886 jus
899 3804 989 3886 quod
1013 3804 1129 3867 habuit
1154 3805 1186 3866 in
1214 3804 1333 3867 eadem
1359 3802 1498 3866 ecclesia
1517 3823 1576 3885 per

321 3908 543 3992 predictorum
562 3908 715 3989 Magistri
731 3917 765 3971 et
786 3906 1000 3990 con[ventus]
1016 3907 1058 3970 de
1080 3905 1271 3988 Bulington'
1291 3906 1571 3988 presentationem

321 4013 353 4073 in
380 4031 498 4073 manus
530 4009 765 4073 Archidiaconi
798 4011 972 4073 Lincolnie
1002 4010 1231 4091 sollempniter
1263 4010 1451 4091 resignavit,
1488 4007 1575 4069 facta

321 4114 411 4197 prius
435 4114 649 4195 inquisitione
676 4134 734 4195 per
757 4114 902 4177 eundem
931 4115 980 4190 R,
1003 4112 1286 4175 Archidiaconum
1312 4110 1493 4186 Lincolnie,
1517 4129 1574 4191 per

321 4237 431 4298 quarn,
455 4225 525 4293 etc,
548 4216 713 4278 admissus
736 4226 795 4293 est,
818 4237 895 4279 cum
919 4237 1018 4279 onere
1048 4225 1082 4279 et
1104 4235 1191 4297 pena
1215 4215 1411 4277 vicariorum
1438 4214 1465 4276 si
1491 4232 1574 4274 onus

320 4320 471 4383 debitum
488 4320 531 4382 sit
548 4318 681 4396 ibidem,
697 4330 730 4382 et
747 4320 780 4381 in
796 4340 836 4382 ea
851 4320 1010 4382 canonice
1026 4339 1167 4400 persona
1188 4318 1368 4381 institutus.
1415 4316 1461 4379 Et
1482 4336 1573 4379 man-

320 4424 437 4487 datum
454 4433 504 4487 est
520 4422 611 4486 dicto
628 4422 876 4486 Archidiacono
892 4433 938 4499 ut,
953 4432 1013 4486 etc.

408 4596 475 4678 [On
492 4596 544 4658 tite
558 4597 650 4659 dorse
661 4596 729 4685 .·ss]

320 4703 438 4771 [Philip.
452 4704 536 4755 monle
546 4704 582 4771 os
587 4704 660 4764 Sica,
667 4703 817 4771 presented
822 4703 856 4771 by
865 4704 911 4755 tite
922 4702 1011 4754 Abroi
1026 4702 1087 4754 and
1098 4701 1227 4765 Conveni,
1244 4704 1269 4755 is
1284 4700 1430 4754 instituted
1444 4700 1532 4753 Prior
1546 4702 1580 4767 of

386 4785 556 4854 Wengltale]

409 4880 624 4945 Puronarus
640 4892 691 4941 nn
707 4878 1170 4961 Mummi-Philippus,
1192 4876 1375 4940 monachus
1396 4876 1575 4958 sagiensis,

321 4992 529 5065 presentatus
567 5004 626 5066 per
656 4981 871 5059 Willelmum,
903 4982 1083 5059 Abbatem,
1120 4993 1155 5046 et
1191 4978 1422 5064 con[ventum]
1460 4980 1573 5045 Sancti
