3550 5692
302 562 323 642 8
402 679 405 686 ,
652 563 788 644 Rutuli
803 561 979 666 Hngone's
1004 561 1049 643 de
1075 561 1207 643 Welles

302 809 438 874 ecclesie
468 831 541 874 esse
568 810 622 891 jus
653 811 755 892 ipsius
787 810 909 874 Prioris
939 821 973 875 et
1003 810 1141 874 ecclesie
1170 833 1229 875 sue
1258 810 1301 875 de
1326 812 1557 895 Dunestaplia,

302 913 467 976 admissus
483 923 533 978 est
549 924 583 978 et
599 915 632 976 in
647 935 688 978 ea
703 915 862 994 canonice
879 935 1021 997 persona
1037 915 1218 991 institutus,
1233 914 1325 978 salva
1347 914 1558 979 ordinatione

303 1015 430 1080 domini
447 1017 614 1100 Episcopi.
662 1017 707 1080 Et
724 1017 920 1081 mandatum
940 1027 991 1081 est
1008 1016 1255 1081 Archidiacono
1275 1017 1482 1096 Bedeiordie,
1496 1028 1557 1082 etc.

303 1321 412 1384 [Henry
420 1320 453 1373 de
464 1321 584 1385 Carlebn,
596 1321 677 1385 clerk,
685 1320 832 1388 presented
840 1321 873 1389 by
881 1322 926 1374 the
937 1321 1025 1374 Prior
1029 1321 1090 1374 end
1096 1321 1264 1388 Conventos
1269 1321 1452 1383 Nenenttam,
1459 1322 1558 1386 astera

365 1402 474 1469 dispnte
484 1403 566 1455 about
574 1403 619 1456 tlte
625 1407 790 1471 patronage‚
805 1404 829 1454 is
840 1402 986 1455 anstitnted
994 1408 1021 1456 to
1029 1402 1075 1455 tlte
1085 1402 1186 1455 cheren
1197 1404 1233 1471 os
1240 1403 1344 1470 Aspley
1358 1402 1461 1470 Genese]

389 1504 743 1569 ASPEL'.—Henricus
781 1505 823 1569 de
861 1504 1006 1582 Carlion,
1054 1505 1200 1581 clericus,
1253 1515 1462 1588 presentatus
1500 1526 1558 1588 per

304 1608 450 1673 Priorem
466 1617 500 1672 et
516 1617 717 1672 conventum
734 1610 776 1673 de
793 1608 1000 1673 Newenham
1016 1610 1059 1673 ad
1075 1608 1248 1672 ecclesiam
1271 1609 1314 1672 de
1331 1609 1455 1692 Aspel',
1469 1608 1558 1673 iacta

302 1711 392 1794 prius
429 1711 642 1794 inquisitione
680 1734 738 1795 per
777 1713 977 1796 Magistrum
1017 1712 1060 1789 S,
1094 1711 1281 1776 Officialem
1321 1711 1557 1775 Archidiaconi

302 1814 509 1892 Bedefordie,
524 1825 594 1893 etc,
610 1825 643 1880 et
659 1818 821 1899 susceptis
842 1817 960 1880 litteris
976 1817 1105 1881 domini
1129 1818 1232 1900 Regis
1247 1817 1337 1900 quod
1361 1817 1442 1880 dicti
1467 1818 1558 1880 Prior

299 1930 334 1983 et
349 1921 500 1984 canonici
524 1921 567 1984 de
591 1919 796 1984 Newenham
814 1943 925 1984 coram
949 1920 1146 2002 Justiciariis
1161 1922 1229 1984 suis
1251 1920 1341 2004 apud
1365 1921 1556 1985 Westmon-

299 2024 456 2088 asterium
481 2045 539 2107 per
561 2025 863 2089 considerationem
889 2027 978 2089 curie
1002 2027 1104 2108 ipsius
1127 2026 1254 2089 domini
1280 2026 1382 2108 Regis
1405 2047 1555 2108 recuper-

299 2137 439 2191 averunt
469 2128 751 2210 presentationem
782 2149 877 2192 suam
909 2129 952 2192 ad
987 2130 1129 2193 eandem
1161 2129 1335 2193 ecclesiam
1369 2128 1412 2192 de
1439 2129 1553 2212 Aspel'

298 2252 411 2295 versus
428 2231 574 2296 Priorem
586 2241 621 2294 et
635 2241 838 2294 conventum
855 2231 898 2294 de
915 2232 1149 2316 Dunstapellia
1164 2243 1199 2296 et
1213 2232 1388 2295 dominum
1411 2232 1495 2295 Falk
1511 2231 1554 2296 de

299 2333 439 2411 Breaut’,
454 2342 488 2397 et
504 2334 594 2415 quod
611 2355 678 2396 non
698 2335 853 2397 obstante
869 2334 1106 2398 reclamatione
1129 2335 1286 2417 ipsorum,
1301 2345 1372 2412 etc,
1389 2335 1555 2412 admissus

294 2448 394 2502 estet
410 2439 443 2500 in
459 2459 499 2502 ea
514 2439 673 2501 canonice
690 2459 831 2521 persona
847 2439 1027 2502 institutus.
1075 2439 1120 2501 Et
1136 2437 1325 2519 injunctum
1341 2449 1393 2503 est
1408 2439 1438 2502 ei
1455 2449 1493 2503 ut
1511 2439 1553 2501 ad

296 2542 470 2623 proximos
484 2541 618 2605 ordines
639 2541 766 2605 domini
792 2541 951 2624 Episcopi
976 2552 1052 2624 post
1077 2543 1205 2605 Pascha
1227 2562 1316 2605 anno
1340 2542 1553 2625 pontificatus

295 2642 445 2725 ejusdem
463 2644 590 2709 domini
608 2643 766 2726 Episcopi
783 2643 885 2726 [xiiii]
900 2646 1012 2708 veniat
1035 2646 1067 2707 in
1084 2645 1325 2709 subdiaconum
1341 2646 1553 2708 ordinandus.

297 2747 343 2811 Et
354 2747 550 2810 mandatum
561 2756 612 2811 est
624 2747 871 2811 Archidiacono
883 2748 1090 2825 Bedefordie‚
1104 2760 1165 2813 etc.
1211 2748 1267 2832 [ln
1280 2749 1332 2812 the
1342 2749 1473 2832 margin
1484 2748 1553 2831 .·-]

297 2850 375 2915 Non
391 2851 553 2915 habemus
569 2851 696 2915 litteras
712 2851 977 2933 presentationis.

293 3184 431 3249 [Eustace.
445 3184 581 3252 cnaplaen,
589 3184 738 3251 presented
745 3184 778 3252 by
789 3185 834 3237 tlte
845 3185 934 3237 Peior
942 3185 1004 3237 and
1015 3184 1142 3237 Convent
1151 3185 1187 3252 os
1202 3184 1362 3248 Dnnstable‚
1375 3187 1399 3238 is
1410 3185 1556 3239 instituted

357 3267 481 3334 vetares
490 3265 671 3333 Chalgrave]

381 3369 830 3450 CHAUGRAVE.—Septimo
868 3370 944 3432 idus
982 3369 1072 3451 Junii
1112 3368 1323 3448 Eustachius,
1352 3371 1553 3452 capellanus,

294 3483 503 3556 presentatus
520 3494 579 3556 per
591 3474 737 3536 Priorem
749 3483 782 3536 et
795 3484 998 3536 conventum
1009 3474 1052 3537 de
1066 3473 1288 3555 Dunestaplia
1300 3474 1343 3536 ad
1356 3485 1551 3557 perpetuam

294 3578 450 3641 vicariam
477 3577 520 3640 de
550 3577 755 3660 Chaugrave,
786 3577 874 3640 facta
905 3577 995 3660 prius
1028 3577 1244 3659 inquisitione
1274 3598 1333 3660 per
1364 3577 1551 3641 Officialem

294 3682 500 3759 Bedesordie,
523 3702 582 3764 per
612 3702 722 3763 quam,
753 3691 823 3758 etc,
853 3680 1020 3744 admissus
1052 3690 1102 3745 est
1134 3691 1168 3744 et
1199 3691 1380 3763 perpetuus
1410 3681 1551 3745 vicarius

294 3787 475 3862 institutus
504 3804 581 3848 cum
619 3805 719 3848 onere
753 3795 787 3848 et
820 3806 907 3867 pena
931 3785 1137 3848 vicariorum.
1188 3785 1234 3848 Et
1265 3784 1462 3847 mandatum
1500 3793 1551 3847 est

294 3890 542 3954 Archidiacono
573 3888 780 3966 Bedesordie,
804 3897 864 3953 etc.
924 3890 985 3952 llla
1009 3889 1132 3952 vicaria
1159 3898 1277 3952 taxata
1301 3898 1352 3952 est
1377 3889 1410 3951 in
1435 3888 1551 3952 rotulis

293 4003 460 4058 cartarum
476 3992 666 4057 duodecimi
683 3992 760 4055 anni
777 3991 928 4073 ejusdem
947 3992 1257 4056 Archidiaconatus.

293 4318 417 4383 [Walter
425 4317 459 4372 de
471 4318 499 4370 la
513 4318 592 4381 Hose,
604 4317 772 4380 subdeacon,
781 4317 932 4384 presented
940 4317 973 4384 by
981 4274 1186 4369 Bartholomew
1193 4316 1228 4368 de
1238 4317 1268 4368 la
1279 4315 1394 4375 Hose‚is
1406 4317 1553 4369 instituted

359 4406 387 4453 to
398 4400 444 4453 ne
455 4399 555 4452 cnurcle
567 4399 602 4466 os
608 4398 772 4466 Farndr'sh.]

383 4502 635 4581 FERMEDICKE
650 4500 1001 4564 VICARIA.-Octavo
1022 4499 1184 4562 kalendas
1206 4499 1365 4563 Octobris
1381 4499 1549 4563 Walterus

294 4604 337 4669 de
353 4604 384 4667 la
400 4605 501 4681 Hose,
517 4603 748 4680 subdiaconus,
765 4613 974 4686 presentatus
991 4624 1049 4685 per
1062 4603 1334 4666 Bartholomeum
1347 4602 1390 4666 de
1406 4604 1437 4666 la
1455 4604 1549 4668 Hose

293 4706 336 4772 ad
352 4707 525 4771 ecclesiam
542 4707 584 4770 de
607 4705 832 4783 Fermedicke,
847 4708 936 4770 sacta
955 4708 1045 4789 prius
1065 4707 1278 4788 inquisitione
1300 4727 1358 4788 per
1373 4708 1413 4787 J,
1431 4707 1548 4771 Archi-

292 4812 472 4874 diaconum
490 4809 696 4886 Bedesordie,
711 4820 782 4887 etc,
797 4809 963 4873 admissus
979 4821 1029 4874 est
1045 4821 1079 4874 et
1095 4809 1158 4893 [in]
1173 4831 1213 4873 ea
1228 4811 1388 4874 canonice
1407 4832 1548 4893 persona

295 4916 473 4979 institutus,
525 4913 569 4977 Et
596 4913 782 4994 injunctum
806 4925 856 4977 est
879 4915 908 4977 ei
934 4924 970 4977 ut
992 4915 1099 4977 scolas
1122 4915 1308 4995 frequentet
1331 4924 1365 4976 et
1388 4915 1547 4980 addiscat

295 5019 464 5100 Alioquin,
476 5027 536 5082 etc.
585 5016 776 5098 injunctum
787 5028 838 5081 est
853 5018 956 5081 etiam
969 5017 1226 5096 Archidiacono,
1236 5019 1390 5100 presenti,
1402 5028 1447 5095 ut,
1462 5029 1523 5083 etc.
