3550 5692
591 572 769 674 Episcopi
791 566 1074 650 [incolniensis.
1442 583 1461 669 5'

294 815 363 900 [On
380 816 432 880 tice
446 817 539 880 dorse
545 817 615 900 .·-]

622 930 762 994 Annus
787 931 1052 993 Duonuciuus.

206 1063 328 1130 [Walter
336 1063 370 1116 de
385 1062 471 1196 iposo,
485 1063 563 1127 elerk,
575 1065 693 1116 receives
710 1063 907 1131 conditionaliy
916 1080 935 1116 o
941 1067 1103 1130 personage
1112 1065 1148 1130 of
1159 1064 1212 1114 ros.
1223 1063 1254 1115 in
1266 1062 1311 1115 tite
1322 1060 1422 1116 chureii
1433 1063 1470 1128 of

271 1145 396 1198 Forndis
417 1145 435 1212 .]

295 1243 761 1339 Funuouisc-Walterus'
777 1274 819 1336 de
860 1273 964 1349 Hosa,
994 1273 1141 1350 clericus
1172 1284 1383 1355 presentatus
1420 1274 1463 1337 ad

207 1387 422 1459 personatum
440 1375 583 1440 sedecim
602 1377 783 1440 solidorum
801 1378 833 1439 in
849 1377 990 1440 ecclesia
1002 1377 1045 1439 de
1059 1377 1237 1440 Fernedisc
1253 1399 1312 1460 per
1323 1378 1462 1442 Bartho-

208 1479 354 1542 lomeum
382 1479 425 1542 de
459 1481 563 1556 Hosa,
590 1479 778 1544 custodiam
806 1479 958 1560 ejusdem
985 1490 1182 1562 personatus
1209 1502 1315 1563 usque
1341 1481 1462 1544 festum

208 1583 323 1648 Sancti
353 1583 527 1647 Michaelis
552 1585 754 1667 proximum,
779 1604 868 1646 anno
899 1583 1113 1665 pontificatus
1143 1584 1270 1647 domini
1303 1585 1462 1668 Episcopi

204 1687 274 1767 xij⁰,
290 1698 340 1750 est
356 1687 507 1770 adeptus
524 1697 560 1750 ut
577 1688 708 1750 interim
726 1687 832 1750 scolas
847 1697 1024 1750 excerceat
1039 1697 1074 1750 et
1090 1687 1241 1751 addiscat
1248 1710 1256 1765 ;
1281 1690 1331 1751 sin
1348 1699 1461 1752 autem

207 1789 358 1854 custodia
375 1790 430 1853 illa
447 1791 630 1872 privabitur
645 1800 679 1853 et
691 1790 830 1853 ecclesia
842 1790 898 1853 illa
910 1790 965 1853 alii
974 1791 1173 1854 conferetur.
1207 1793 1252 1854 Et
1265 1792 1461 1855 mandatum

206 1904 257 1957 est
274 1893 419 1958 Officiali
436 1893 644 1971 Bedefordie,
660 1902 720 1957 etc.
1009 1900 1012 1904 ’

294 2171 362 2256 [On
378 2171 513 2252 tleefnce
528 2173 568 2252 of
575 2172 628 2234 tin
643 2172 708 2234 roll
714 2171 783 2254 :-]

566 2309 706 2374 Auuus
730 2309 899 2374 Teucros
924 2310 1107 2374 Ducruus.

205 2451 351 2520 [Nicieolos
362 2454 395 2507 de
406 2453 533 2514 Breonte,
541 2451 691 2520 presented
704 2454 737 2521 by
748 2453 833 2506 Peter
847 2453 880 2506 de
899 2453 979 2506 Molo
995 2453 1072 2504 locu
1091 2453 1152 2505 ond
1172 2453 1296 2506 Williom
1313 2454 1347 2507 de
1363 2455 1464 2509 Soneio

271 2535 406 2604 Remigio,
430 2537 455 2588 is
473 2535 620 2588 instituted
638 2541 666 2588 to
687 2535 732 2588 tice
754 2535 855 2587 chureii
877 2537 914 2602 of
935 2535 1046 2588 Wilden
1067 2537 1143 2602 after
1163 2535 1288 2588 Wlliom
1310 2536 1345 2588 de
1363 2538 1464 2591 Sancto

270 2617 423 2681 Edward0,
437 2617 502 2670 wito
513 2617 572 2669 leod
580 2617 643 2669 been
650 2618 801 2684 presented
815 2617 847 2685 by
858 2617 943 2669 Peter
956 2617 990 2670 de
1007 2615 1089 2669 Molo
1105 2616 1182 2669 Locri
1198 2621 1226 2669 to
1240 2633 1291 2670 one
1307 2618 1423 2687 ondiety
1433 2621 1469 2687 of

271 2701 316 2753 tite
326 2698 434 2759 chureii,
446 2700 506 2752 leod
514 2699 670 2753 renonnced
679 2699 723 2752 leis
729 2701 940 2766 presentation]

293 2827 721 2891 WILDENE.—Nicholaus
742 2826 785 2891 de
806 2828 957 2903 Breaute,
975 2837 1183 2910 presentatus
1207 2849 1266 2910 per
1288 2829 1462 2892 dominum

208 2933 342 3010 Petrum
362 2932 405 2994 de
426 2931 519 2994 Malo
541 2932 630 2994 Lacu
655 2940 689 2994 et
713 2951 772 3012 per
787 2930 996 2993 Willelmum
1019 2930 1062 2994 de
1086 2931 1213 2995 Sancto
1240 2932 1396 3015 Remigio
1419 2934 1462 2996 ad

205 3034 379 3098 ecclesiam
392 3035 435 3098 de
451 3034 615 3111 wildene,
626 3034 714 3097 iacta
727 3035 817 3117 prius
830 3034 1046 3115 inquisitione
1058 3055 1117 3116 per
1128 3035 1166 3114 J,
1177 3034 1462 3100 Archidiaconum

207 3137 414 3215 Bedesordie,
431 3149 465 3203 et
482 3139 533 3201 W.
550 3139 592 3202 de
613 3138 739 3204 Sancto
762 3137 938 3214 Edward0,
955 3138 1084 3214 clerice,
1099 3158 1159 3220 per
1174 3139 1302 3203 dictum
1324 3141 1462 3204 Petrum

205 3242 247 3306 de
262 3243 354 3305 Malo
367 3243 458 3306 Lacu
472 3242 514 3305 ad
528 3242 666 3305 alteram
681 3242 897 3306 medietatem
910 3242 1000 3305 dicte
1011 3242 1150 3305 ecclesie
1162 3244 1253 3324 prius
1263 3254 1463 3331 presentato

205 3346 293 3410 dicte
305 3347 544 3429 presentationi
554 3347 645 3428 prius
662 3347 882 3422 renuntiante,
896 3345 939 3409 ad
955 3346 1098 3409 eandem
1109 3347 1284 3409 ecclesiam
1297 3347 1463 3411 admissus

205 3460 256 3514 est
272 3452 334 3514 sub
351 3471 437 3532 pena
454 3451 603 3526 Concilii,
619 3460 653 3513 et
669 3452 850 3514 institutus
898 3451 943 3512 Et
960 3450 1148 3530 injunctum
1164 3459 1216 3513 est
1234 3449 1325 3513 dicto
1342 3451 1461 3515 Archi-

206 3553 357 3631 diacon0,
381 3564 441 3617 etc.
502 3553 558 3636 [In
586 3554 638 3616 tice
663 3553 871 3636 rnorge'n.·-]
928 3553 1043 3616 Faciat
1068 3553 1164 3616 nobis
1189 3553 1311 3617 habere
1336 3554 1463 3619 litteras

206 3658 463 3740 presentationis
479 3658 607 3721 domini
626 3659 713 3721 Petri
730 3657 773 3721 de
791 3658 884 3720 Malo
902 3657 1002 3719 Lacu.

770 3867 901 3878 —t—

205 4001 347 4070 [William
364 4003 398 4055 de
415 4003 443 4054 lo
454 4003 560 4062 Merite,
571 4003 650 4065 cleri,
658 4002 807 4070 presented
820 4002 853 4070 by
864 4002 909 4055 tlte
928 4003 1016 4055 Prior
1030 4001 1092 4054 and
1109 4001 1235 4054 Conveni
1251 4003 1286 4070 of
1298 4001 1419 4062 Merion,
1436 4004 1461 4055 is

270 4084 416 4230 iiim]
434 4089 461 4137 to
477 4085 523 4138 tice
539 4085 639 4138 eienreie
661 4086 697 4152 of
711 4085 814 4137 Milton
833 4084 951 4152 Bryant.
1003 4084 1030 4136 A
1046 4085 1167 4151 pension
1187 4084 1212 4136 is
1227 4083 1359 4137 reseroed
1372 4089 1399 4137 to
1416 4084 1462 4136 the

294 4294 797 4358 MIDDELTONE.-Willelmus
821 4295 863 4358 de
883 4295 916 4357 la
937 4294 1063 4388 Merke,
1085 4295 1232 4370 clericus,
1251 4304 1460 4377 presentatus

206 4419 264 4480 per
281 4399 428 4460 Priorem
447 4408 481 4461 et
501 4410 703 4463 conventum
726 4399 768 4462 de
791 4400 966 4462 Meretone
989 4399 1031 4462 ad
1055 4398 1230 4462 ecclesiam
1253 4398 1296 4461 de
1318 4398 1461 4461 Middel-

206 4511 273 4579 ton‚
296 4503 385 4565 sacta
409 4503 498 4585 prius
523 4504 737 4584 inquisitione
771 4525 829 4586 per
853 4503 1137 4566 Archidiaconum
1163 4502 1369 4579 Bedelordie,
1391 4512 1461 4578 etc,

207 4605 371 4671 admissus
395 4617 446 4669 est
469 4615 502 4670 et
526 4628 669 4689 persona
690 4608 872 4684 institutus,
892 4628 968 4670 cum
985 4627 1090 4697 onere
1102 4607 1267 4671 residendi
1284 4608 1316 4668 in
1333 4607 1461 4684 eadem,

207 4718 241 4770 et
256 4709 365 4772 eidem
382 4709 415 4771 in
432 4709 540 4773 officio
557 4710 755 4773 sacerdotali
776 4710 994 4793 personaliter
1014 4709 1232 4786 deserviendi,
1248 4710 1340 4773 salva
1362 4710 1461 4773 dictis

209 4811 310 4873 Priori
341 4822 375 4875 et
405 4815 583 4877 conventui
618 4834 729 4876 annua
754 4813 893 4876 dimidie
921 4834 1031 4877 marce
1059 4814 1219 4895 pensione
1243 4813 1286 4876 de
1313 4813 1461 4896 predicta

207 4914 355 4993 ecclesia,
370 4917 396 4978 si
413 4938 487 4980 eam
505 4916 718 4998 probaverint
734 4938 806 4980 esse
819 4917 968 4980 debitam
985 4926 1020 4981 et
1035 4918 1216 4999 antiquam.
1263 4918 1308 4981 Et
1325 4917 1462 4980 manda-

206 5025 280 5079 tum
296 5030 347 5083 est
362 5019 452 5083 dicto
469 5016 725 5099 Archidiacon0‚
740 5032 800 5085 etc.
