3550 5692
557 576 734 673 Episcopi
765 575 1068 650 Lincolniensis..
1282 630 1285 635 ·
1359 599 1424 671 145

177 817 217 881 ad
236 816 379 880 eandem
400 814 566 878 admissus
585 822 645 889 est,
664 823 698 877 et
718 814 753 876 in
771 834 820 891 ea,
835 834 912 876 cum
935 833 1035 877 onere
1047 810 1091 877 ¹et
1114 833 1201 896 pena
1222 816 1428 892 vicariorum,

177 921 335 985 canonice
372 938 514 1001 persona
552 916 732 981 institutus
787 917 833 979 Et
870 916 1057 999 injunctum
1091 926 1142 980 est
1173 916 1428 992 Archidiacon0,

177 1024 329 1107 presenti,
345 1032 391 1099 ut,
405 1031 467 1085 etc.

177 1194 324 1260 [ustitiam.
336 1192 474 1259 rheplain,
485 1190 636 1259 presented
648 1190 681 1258 by
696 1189 742 1242 tiu
752 1189 884 1256 Pueros
890 1189 1024 1254 Burwell,
1037 1191 1062 1243 is
1076 1190 1221 1243 instituted
1232 1195 1259 1244 to
1274 1191 1319 1244 tire
1329 1191 1429 1245 cirurdz

240 1288 272 1351 os
287 1281 476 1350 Walmsgate]

264 1387 788 1474 WALMESGARE.-Willelmus,
847 1397 1047 1480 capellanus,
1106 1410 1314 1481 presentatus
1373 1423 1432 1484 per

179 1507 325 1569 Priorem
356 1505 399 1568 de
430 1487 581 1566 Buruell’
605 1501 648 1564 ad
679 1502 852 1566 ecclesiam
883 1502 926 1565 de
956 1502 1194 1585 Walmesgare,
1224 1502 1312 1567 sacta
1341 1506 1431 1587 prius

177 1610 392 1691 inquisitione
429 1628 488 1689 per
518 1607 568 1682 R,
598 1606 883 1669 Archidiaconum
919 1605 1100 1683 Lincolnie,
1131 1622 1189 1689 per
1221 1628 1332 1690 quam,
1362 1620 1433 1687 etc,

179 1713 344 1777 admissus
364 1720 415 1775 est
435 1710 477 1773 ad
497 1710 649 1786 eandem,
667 1719 701 1773 et
721 1711 755 1773 in
778 1730 818 1773 ea
840 1730 916 1772 cum
940 1730 1040 1772 onere
1062 1720 1096 1773 et
1119 1730 1205 1793 pena
1227 1712 1433 1789 vicariorum,

179 1818 339 1880 canonice
355 1835 497 1898 persona
513 1815 692 1878 institutus
740 1814 785 1876 Et
801 1812 988 1894 injunctum
1004 1824 1056 1878 est
1070 1814 1161 1878 dicto
1178 1815 1434 1894 Archidiacon0,

180 1921 334 2003 presenti,
349 1929 395 1995 ut,
411 1929 472 1983 etc.

180 2108 305 2176 [Walter
312 2106 345 2159 de
355 2106 388 2157 K
386 2104 567 2173 uningholm’,
580 2103 658 2167 cierk,
663 2103 813 2171 presented
821 2104 854 2172 by
864 2104 948 2156 Peter
956 2102 989 2155 de
1000 2103 1163 2167 Leckeburn,
1174 2106 1199 2157 is
1209 2105 1345 2159 admitted
1353 2112 1379 2159 to
1391 2107 1437 2159 tire

244 2186 345 2240 cnseret
356 2188 392 2254 of
397 2185 670 2253 Roitirby-by-Leuth.
709 2186 765 2237 Tne
775 2187 906 2253 vararage
917 2185 942 2237 is
952 2185 1081 2238 reserved
1090 2190 1116 2238 to
1127 2186 1234 2239 Ernest
1242 2187 1276 2240 de
1286 2188 1389 2252 Lude]

268 2305 700 2369 REYTHEBY.-Walterus
724 2305 766 2368 de
791 2305 1042 2387 Kuningholm',
1058 2305 1204 2383 clericus,
1226 2318 1436 2389 presentatus

180 2434 239 2495 per
260 2413 395 2474 Petrum
419 2409 462 2472 de
482 2408 689 2473 Leckeburn'
709 2408 751 2471 ad
774 2408 949 2471 ecclesiam
969 2408 1011 2471 de
1032 2409 1221 2492 Reytheby,
1240 2411 1328 2475 iacta
1346 2412 1437 2494 prius

181 2516 396 2597 inquisitione
417 2534 475 2595 per
491 2513 539 2589 R,
557 2511 840 2574 Archidiaconum
862 2509 1044 2589 Lincolnie,
1060 2534 1118 2595 per
1137 2534 1248 2595 quam,
1263 2524 1334 2591 etc,
1349 2515 1438 2578 sacta

181 2621 283 2683 etiam
316 2639 374 2699 per
401 2617 587 2679 Dominum
616 2616 820 2698 Episcopum
851 2624 885 2677 et
912 2614 1056 2677 eundem
1084 2616 1367 2681 Archidiaconum
1395 2617 1437 2680 de

182 2743 320 2787 assensu
351 2720 575 2804 predictorum
602 2720 635 2781 P.
663 2729 697 2781 et
722 2717 784 2794 W,
807 2718 1018 2790 ordinatione
1042 2728 1111 2781 tam
1137 2741 1235 2801 super
1259 2732 1438 2803 personatu

183 2828 287 2910 ipsius
306 2824 444 2888 ecclesie
463 2842 564 2904 quam
585 2842 684 2904 super
702 2821 825 2884 vicaria
844 2821 877 2883 in
898 2822 1025 2898 eadem,
1041 2821 1084 2884 ad
1103 2823 1245 2886 eandem
1264 2824 1438 2888 ecclesiam

182 2931 350 2994 admissus
365 2937 424 3005 est,
433 2936 494 2989 etc.
508 2948 516 3004 ;
532 2926 624 2989 salva
637 2925 769 2987 Ernisio
785 2924 828 2987 de
841 2924 939 2987 Luda
951 2926 1073 2989 vicaria
1082 2926 1190 2989 eidem
1204 2926 1248 2989 ibi
1262 2929 1439 3011 assignata,

182 3035 238 3116 qui
265 3042 372 3095 totam
404 3030 494 3092 illam
525 3027 698 3092 ecclesiam
730 3027 857 3091 tenebit
887 3028 1131 3109 quoadvixerit,
1161 3030 1332 3094 reddendo
1362 3032 1441 3096 inde

182 3138 275 3201 dicto
300 3135 352 3197 W.
380 3143 413 3197 et
444 3131 688 3195 successoribus
718 3132 795 3207 suiS,
824 3131 976 3213 ejusdem
1007 3132 1145 3195 ecclesie
1175 3135 1333 3215 personis
1356 3134 1440 3198 duas

183 3260 314 3303 marcas
330 3247 364 3301 et
379 3235 553 3299 dimidiam
570 3236 706 3297 nomine
722 3235 891 3316 pensionis
906 3234 949 3297 ad
969 3234 1053 3297 duos
1069 3236 1295 3313 terminOS‚'ad
1313 3239 1441 3302 Pascha

182 3354 216 3407 et
241 3342 286 3405 ad
310 3342 431 3404 festum
456 3340 572 3405 Sancti
601 3339 782 3402 Michaelis.
828 3339 875 3403 Et
900 3340 1086 3420 injunctum
1113 3350 1164 3403 est
1188 3340 1296 3404 eidem
1322 3342 1440 3407 Archi-

182 3448 337 3520 diacon0‚
353 3444 507 3525 presenti,
517 3452 562 3518 ut,
574 3451 635 3505 etc.
681 3442 737 3524 [lu
753 3442 806 3505 tiu
820 3442 951 3523 margin
964 3443 1032 3525 .·-—]
1050 3444 1126 3505 Non
1143 3453 1194 3506 est
1210 3444 1441 3509 subdiaconus,
1546 3452 1548 3461 ‘

184 3551 258 3613 Nec
274 3547 437 3610 habemus
454 3547 566 3609 literas
583 3548 721 3628 patroni,

183 3720 309 3786 [Ernest
321 3717 354 3769 de
369 3716 457 3779 Lude,
475 3716 644 3777 menedon.
657 3714 809 3783 presented
821 3715 854 3783 by
869 3715 1017 3768 Walterde
1027 3716 1241 3783 Kuningizolm’,
1254 3715 1299 3769 tire
1313 3723 1405 3782 rector,
1418 3718 1445 3769 is

252 3798 396 3851 instituted
404 3799 485 3850 vicar
493 3799 528 3865 os
534 3797 818 3865 Raitlrby-by-Louth]

276 3920 439 3981 VICARIA
475 3931 524 3979 DE
558 3916 975 3979 REYTHEBv.—Ernisius
1006 3917 1048 3980 de
1074 3916 1179 3993 Luda,
1212 3917 1443 3995 subdiaconus

185 4031 398 4107 presentatus
423 4042 481 4103 per
503 4020 689 4084 Walterum
714 4020 756 4083 de
781 4020 1032 4102 Kuningholm’,
1056 4030 1215 4084 rectorem
1243 4022 1379 4085 ecclesie
1402 4022 1446 4085 de

187 4124 380 4207 Reytheby,
405 4123 447 4187 de
471 4145 608 4187 assensu
636 4125 724 4188 Petri
755 4124 797 4187 de
829 4124 1025 4201 Lekebum’,
1050 4125 1181 4207 patroni
1211 4124 1371 4206 ejusdem,
1402 4126 1444 4189 ad

185 4230 346 4294 vicariam
371 4229 558 4292 ordinatam
582 4238 619 4292 ut
639 4249 747 4310 supra,
762 4227 927 4294 admissus
947 4237 1007 4305 est,
1022 4238 1104 4306 etc.;
1127 4239 1162 4292 et
1180 4249 1374 4292 concessum
1394 4241 1445 4294 est

185 4336 215 4397 ei
234 4330 327 4413 quod
344 4330 451 4393 scolas
467 4331 662 4412 frequentet,
677 4341 738 4395 etc,

185 4501 339 4568 [Lambert
352 4501 489 4567 rhaplorn,
496 4499 646 4567 presented
660 4499 749 4567 bytlre
767 4500 856 4553 Prin
872 4500 933 4552 and
949 4500 1078 4553 Conveni
1093 4501 1129 4568 os
1141 4501 1247 4569 Buttey,
1260 4502 1285 4554 is
1306 4501 1452 4555 instituted
1544 4494 1548 4505 ⁸

257 4582 494 4650 vicanosBicker.
532 4582 559 4632 T
555 4581 589 4633 ire
599 4582 730 4649 uerarage
740 4582 766 4633 is
775 4581 933 4648 described]
1398 4592 1399 4595 ’

281 4700 444 4763 VICARIA
475 4713 525 4761 DE
557 4699 978 4780 BYKERE2-Lambertus,
1008 4702 1208 4785 capellanus,
1238 4713 1448 4785 presentatus

188 4826 253 4888 per
270 4804 417 4887 Priorem
434 4812 468 4865 et
484 4812 685 4866 conventum
702 4803 745 4866 de
755 4803 861 4867 Butel'
878 4803 921 4867 ad
938 4815 1132 4887 perpetuam
1144 4806 1300 4869 vicariam
1310 4805 1449 4870 ecclesie

188 4910 234 4972 de
254 4907 385 4983 Bikere,
398 4907 598 4973 auctoritate
611 4906 751 4970 Concilii
767 4928 825 4988 per
836 4907 1020 4970 Dominum
1035 4909 1239 4991 Episcopum
1251 4909 1449 4988 ordinatam,

191 5012 284 5075 lacta
301 5010 620 5093 prius'inquisitione
637 5010 761 5092 per'R,
778 5009 1061 5075 Archidiaconum
1076 5011 1256 5089 Lincolnie,
1266 5033 1325 5095 per
1339 5034 1451 5095 quam,-

267 5119 340 5171 V01..
359 5118 409 5171 111.
1368 5136 1385 5175 L
