3550 5692
580 568 757 665 Episcopi
776 566 1059 642 Lz‘ncolm'euses.

280 801 348 885 [On
363 802 417 865 the
429 802 522 864 dorse
535 801 577 881 of
583 800 637 863 tlte
650 799 715 861 roll
722 798 792 881 .·-]

191 926 317 994 [Walter.
334 943 370 979 on
388 926 433 978 the
443 927 633 993 presentationi
649 927 685 995 of
695 925 741 977 tlte
756 924 844 977 Prior
858 925 894 991 of
906 924 1046 984 oeream,
1063 924 1088 975 is
1104 922 1249 975 instituted
1262 921 1348 973 Prior
1362 921 1397 988 of
1408 922 1449 974 St,

256 1007 413 1070 Leonards,
426 1007 590 1076 Stamford]
1124 1038 1125 1042 =

280 1134 420 1198 Auuos
464 1133 633 1198 Tannus
672 1132 856 1209 Dromos,
895 1132 1078 1195 L1ucoru’
1116 1129 1269 1212 [Domus
1307 1129 1449 1194 SANCTI

195 1238 395 1300 LEONARDI
419 1252 467 1299 DE
493 1235 879 1318 STANFORD'].—Anno
904 1234 1118 1318 pontificatus
1137 1233 1265 1297 domini
1290 1233 1449 1315 Episcopi

193 1339 275 1421 xiij⁰,
299 1339 354 1403 die
381 1324 499 1403 Martis
530 1341 687 1423 proxima
711 1351 787 1423 post
812 1340 934 1403 festum
963 1340 1079 1406 Sancti
1105 1336 1257 1401 Barnabe
1283 1338 1450 1420 Apostoli,

192 1444 281 1526 apud
303 1443 638 1507 Westmonasterium
663 1454 761 1531 extra
780 1444 967 1526 cappellam
991 1444 1114 1509 Sancte
1139 1443 1308 1519 Katerine‚
1333 1443 1450 1505 Frater

193 1546 369 1623 Walterus,
386 1547 577 1623 monachus,
589 1558 798 1637 presentatus
815 1568 874 1630 per
892 1548 1038 1610 Priorem
1057 1546 1238 1609 Dunholm’
1252 1548 1284 1610 in
1302 1547 1448 1609 Priorem

189 1650 313 1713 domus
338 1651 453 1716 Sancti
479 1652 646 1715 Leonardi
673 1652 716 1716 de
744 1651 921 1729 Stansord’,
948 1649 1113 1716 admissus
1137 1660 1198 1728 est,
1222 1660 1256 1714 et
1284 1652 1385 1728 Prior,
1412 1660 1449 1714 ut

193 1754 293 1816 moris
323 1763 382 1830 est,
406 1756 566 1819 canonice
590 1777 649 1838 per
677 1756 852 1819 dominum
879 1756 1085 1837 Episcopum
1116 1756 1295 1817 institutus
1353 1753 1447 1817 Idem

189 1868 305 1921 autem
323 1859 415 1920 Prior
431 1859 545 1924 Sancti
564 1859 740 1936 Leonardi,
755 1869 936 1941 postquam
956 1858 1113 1921 dominus
1131 1858 1318 1939 Episcopus
1338 1858 1448 1939 ipsum

192 1981 271 2023 cura
293 1961 382 2025 dicte
405 1962 525 2025 domus
548 1984 607 2045 per
629 1964 749 2026 librum
775 1963 976 2037 investierat,
999 1963 1195 2025 canonicam
1222 1960 1447 2023 obedientiam

190 2064 330 2127 domino
369 2066 546 2147 Episcop0,
576 2066 820 2129 successoribus
857 2075 891 2129 et
921 2065 1117 2129 officialibus
1155 2066 1231 2141 suiS,
1262 2085 1297 2127 se
1325 2062 1449 2144 juravit

191 2168 429 2231 exhibiturum.
490 2169 579 2232 Acta
616 2179 694 2233 sunt
732 2170 792 2232 hec
829 2190 942 2232 coram
980 2168 1118 2231 domino
1155 2169 1193 2251 J,
1232 2167 1449 2231 Bathoniensi

194 2271 373 2353 Episcopo,
397 2272 488 2335 dicto
520 2273 631 2336 Priore
659 2273 840 2335 Dunholm'
872 2282 906 2335 et
938 2272 1110 2335 monachis
1140 2272 1216 2349 suis
1244 2271 1377 2334 Thoma
1408 2268 1449 2331 de

194 2373 389 2451 Fiskerton’,
420 2375 625 2458 cappellam,
653 2376 795 2457 Roger0,
822 2375 1020 2457 cappellano
1052 2374 1180 2438 domini
1201 2372 1450 2449 ,Bathoniensis

196 2480 359 2561 Magistro
376 2480 546 2543 Willelmo
561 2479 604 2543 de
622 2481 805 2544 Lincolnia.

191 2674 265 2741 [The
282 2674 384 2741 charge
400 2674 436 2741 of
446 2673 491 2726 tte
506 2675 606 2727 eturet
623 2676 658 2743 of
670 2676 809 2729 Snellond
822 2678 847 2729 is
862 2676 1006 2728 entrusted
1019 2680 1046 2728 to
1057 2675 1136 2741 John
1153 2674 1186 2727 ete
1202 2674 1334 2741 Neaport,
1353 2687 1388 2723 on
1406 2670 1451 2723 tlte

253 2757 443 2821 presentation
453 2756 489 2823 of
494 2756 540 2808 tlte
550 2756 640 2808 Abtot
648 2758 708 2809 end
720 2758 846 2810 Convent
854 2758 890 2825 os
896 2756 1055 2823 Borle'ngs.]

282 2883 786 2949 SNELLESLUND'.-—Custodia
808 2885 946 2947 ecclesie
969 2883 1011 2947 de
1035 2881 1248 2947 Snelleslund
1272 2880 1451 2943 commissa

190 2996 244 3049 est
260 2987 404 3068 Johanni
420 2986 463 3049 de
480 2987 510 3048 N
513 2997 640 3069 euport,
653 2987 780 3062 clericO,
792 2988 835 3050 ad
847 3007 922 3051 eam
940 3008 999 3069 per
1011 2986 1181 3049 Abbatem
1198 2994 1232 3048 et
1248 2993 1450 3047 conventum

193 3090 237 3154 de
254 3091 398 3172 Barling'
414 3100 613 3171 presentato,
660 3092 705 3153 Et
722 3091 919 3154 mandatum
936 3100 987 3153 est
1004 3089 1253 3152 Archidiacono
1270 3086 1452 3162 Lincolnie,

192 3204 255 3257 etc.

192 3363 266 3430 [The
282 3364 384 3431 charge
400 3365 435 3432 of
447 3365 492 3417 the
507 3365 608 3418 church
625 3366 661 3432 of
670 3364 772 3432 Claxby
783 3364 935 3416 Pluckacre
951 3365 976 3416 is
992 3363 1135 3416 entrmtee'
1149 3368 1175 3415 to
1189 3362 1285 3415 Osbert
1294 3363 1327 3415 de
1338 3360 1453 3413 Heden-

261 3445 334 3508 ham,
347 3462 383 3497 en
395 3446 632 3513 thepresentation
643 3448 679 3515 of
685 3447 784 3515 Hemy
794 3447 829 3499 de
843 3446 972 3509 Claxebi]

282 3571 665 3637 CLAXEBI.-Custodia
680 3573 817 3637 ecclesie
836 3573 877 3636 de
895 3573 1035 3636 Claxebi
1053 3572 1231 3635 commissa
1249 3571 1394 3636 Osberto
1409 3570 1452 3633 de

197 3673 409 3753 Hedenham,
433 3676 638 3759 cappellam,
662 3678 705 3740 ad
736 3698 810 3740 eam
842 3698 901 3759 per
927 3677 1111 3739 Henricum
1142 3674 1185 3738 de
1210 3674 1351 3739 Claxebi
1380 3694 1451 3765 pre-

192 3788 335 3871 sentat0.
382 3779 428 3841 Et
444 3780 640 3843 mandatum
656 3790 707 3843 est
723 3780 972 3843 Archidiacono
990 3780 1175 3856 Lincolnie,
1190 3788 1251 3842 etc.

283 3966 350 4049 [On
366 3968 503 4048 tlzeface
516 3970 558 4050 of
565 3970 617 4031 tlte
631 3969 695 4032 roll
703 3969 771 4051 ,·-]

429 4130 808 4194 humaui—ANNUS
832 4129 1016 4212 Quantos
1041 4132 1223 4194 Dromos.

192 4278 323 4344 [Giltert
334 4293 385 4329 son
396 4279 432 4346 of
440 4277 549 4331 Gr'lbert
560 4279 653 4337 Currit,
665 4280 743 4341 clerk,
755 4280 905 4346 presented
918 4279 951 4347 by
962 4280 1007 4332 the
1018 4280 1094 4332 Earl
1102 4282 1138 4347 os
1147 4280 1262 4343 Chester,
1276 4282 1301 4331 is
1311 4280 1457 4333 instituted

261 4366 288 4411 to
299 4359 345 4412 tlte
355 4360 455 4413 chureh
467 4361 503 4427 of
508 4361 593 4413 Little
604 4362 758 4428 Steepe'ng.]

239 4524 243 4530 ι
285 4488 413 4550 PARVA
436 4487 871 4565 STEPINGK'.-Gilbertus,
887 4487 974 4551 filius
991 4488 1163 4553 Gilleberti
1180 4488 1292 4565 Cusin,
1308 4488 1453 4565 clericus

195 4602 406 4674 presentatus
427 4613 484 4675 per
505 4592 650 4655 nobilem
671 4593 786 4667 virum,
808 4592 856 4669 R,
876 4593 1043 4656 Comitem
1065 4592 1200 4669 Cestrie,
1216 4593 1258 4655 ad
1279 4592 1452 4655 ecclesiam

195 4697 239 4758 de
265 4696 371 4758 Parva
398 4695 582 4778 Stepingk’,
609 4695 697 4758 sacta
726 4696 817 4777 prius
844 4697 1059 4777 inquisitione
1084 4717 1142 4778 per
1167 4695 1452 4759 Archidiaconum

198 4798 381 4875 Lincolnie,
395 4798 562 4861 admissus
580 4810 640 4876 est,
655 4809 689 4861 et
708 4820 850 4881 persona
870 4800 1052 4875 institutus
1068 4800 1130 4875 cui,
1150 4799 1212 4862 sub
1232 4798 1347 4862 debito
1364 4800 1454 4881 jura-

196 4902 311 4978 menti,
342 4900 528 4981 injunctum
566 4912 616 4965 est
654 4912 690 4966 ut
728 4902 848 4965 scolas'
872 4902 1068 4984 frequentet,
1098 4902 1255 4983 alioquin,
1284 4912 1345 4965 etc.
1408 4903 1453 4967 Et

96 5061 100 5071 .
199 5006 397 5069 mandatum
413 5015 464 5071 est
480 5006 736 5083 Archidiacono,
751 5016 812 5069 etc.
