3550 5692
319 582 364 653 92
405 651 408 657 Δ
671 559 807 636 Rotnlz'
821 560 999 660 Hngone's
1015 560 1058 636 de
1085 560 1218 635 Welles

319 908 459 985 solidos;
482 917 515 970 et
539 908 601 989 ipsi
627 908 718 969 Prior
740 918 774 971 et
797 917 981 971 conventus
1006 907 1232 989 procurabunt
1253 906 1435 987 hospitium
1458 905 1576 968 Archi-

318 1011 460 1087 diaconi,
487 1020 521 1075 et
551 1012 664 1073 omnia
694 1011 760 1074 alia
789 1032 891 1074 onera
922 1012 954 1074 in
994 1021 1191 1093 perpetuum
1225 1010 1436 1073 sustinebunt
1468 1019 1576 1091 preter

318 1114 502 1196 synodalia,
532 1135 597 1195 que
628 1114 716 1177 idem
748 1115 889 1177 vicarius
920 1115 1025 1178 solvet
1056 1114 1238 1177 annuatim.
1295 1113 1443 1177 Habebit
1474 1115 1575 1176 etiam

318 1219 459 1281 vicarius
475 1218 596 1282 toltum
613 1218 646 1279 in
663 1239 730 1299 quo
746 1218 848 1281 modo
865 1217 995 1281 residet.

318 1388 424 1453 [Roger
442 1388 476 1440 de
494 1388 673 1455 Lundeltom
692 1388 832 1455 cleoploe'n.
850 1388 997 1454 presented
1014 1388 1046 1455 by
1064 1386 1109 1440 tlte
1127 1387 1192 1440 said
1209 1387 1297 1440 Prior
1316 1387 1377 1439 anet
1400 1387 1526 1439 Convent
1546 1388 1581 1454 os

383 1470 505 1533 Belvoir,
518 1472 542 1522 is
553 1469 698 1522 instituted
706 1471 787 1523 vicar
794 1471 830 1537 of
836 1470 993 1535 Anbourn]

407 1580 783 1662 AUBURN.—Rogerus
813 1579 856 1643 de
889 1579 1106 1661 Lundeltorp,
1137 1580 1339 1661 capellanus
1365 1589 1575 1663 presentatus

319 1706 378 1767 per
392 1685 501 1748 dictos
514 1686 660 1747 Priorem
673 1694 707 1747 et
723 1693 925 1748 conventum
942 1683 983 1746 de
997 1684 1136 1747 Belvero
1149 1683 1190 1745 ad
1210 1694 1404 1766 perpetuam
1418 1686 1573 1747 vicariam

318 1788 407 1854 dicte
426 1789 564 1853 ecclesie
583 1788 626 1851 de
646 1788 797 1864 Aubum,
817 1798 868 1851 est
888 1788 1063 1863 admissus,
1082 1798 1165 1865 etc.;
1189 1809 1254 1869 que
1274 1789 1426 1851 consistit
1449 1789 1480 1850 in
1504 1798 1575 1851 toto

318 1893 480 1975 altaragio
496 1914 572 1955 cum
589 1892 675 1956 tofto
690 1891 902 1975 assignando
917 1901 951 1955 et
972 1893 1033 1973 ipsi
1052 1893 1144 1954 Prior
1162 1901 1196 1955 et
1216 1902 1400 1955 conventus
1422 1914 1574 1974 procura-

318 1996 402 2060 bunt
432 1997 612 2079 hospitium
636 1996 882 2073 Archidiaconi,
906 2007 940 2060 et
965 1996 1078 2058 omnia
1101 1996 1167 2059 alia
1191 2017 1292 2059 onera
1318 1998 1350 2060 in
1376 2006 1572 2078 perpetuum

318 2101 530 2165 sustinebunt
547 2111 656 2183 preter
671 2100 855 2182 synodalia,
871 2120 936 2182 que
953 2100 1041 2163 idem
1059 2101 1199 2162 vicarius
1215 2100 1321 2163 solvet
1338 2101 1519 2163 annuatim.

318 2320 391 2385 [Tne
401 2314 532 2389 vtenrage
542 2323 577 2389 os
586 2321 731 2378 Coulenoell
740 2323 764 2372 is
775 2320 919 2373 desen'bed.
959 2319 1083 2372 Wllltom
1095 2323 1128 2372 de
1142 2319 1295 2372 Calkewell
1303 2320 1354 2372 heu
1365 2320 1428 2373 been
1439 2322 1534 2389 acteng
1544 2337 1575 2372 os

383 2403 534 2470 cleptein]

406 2514 644 2577 CALKEWELL
667 2527 744 2591 Qun
766 2528 832 2577 est
854 2514 1006 2576 Pmoms
1026 2526 1075 2574 os
1098 2512 1478 2576 Nomos-vicaria
1497 2535 1573 2576 con-

319 2618 406 2679 sistit
435 2618 468 2679 in
497 2626 570 2680 toto
597 2618 760 2699 altaragio
785 2627 819 2680 et
844 2618 876 2679 in
905 2638 971 2679 una
996 2638 1107 2679 marca
1138 2600 1341 2698 assignanda
1372 2618 1404 2680 in
1436 2618 1573 2680 decimis

319 2720 496 2801 garbarum
521 2721 672 2802 ejusdem
696 2721 780 2784 ville.
827 2721 1015 2783 Willelmus
1038 2720 1080 2782 de
1104 2720 1292 2796 Calkewell,
1316 2720 1516 2803 capellanus,
1539 2730 1574 2784 ut

319 2825 461 2887 vicarius
478 2846 536 2906 per
552 2825 689 2907 longum
706 2835 839 2907 tempus
856 2824 1055 2888 ministravit
1072 2825 1104 2887 in
1121 2825 1247 2888 eadem.

317 3030 392 3107 [Tne
402 3044 547 3112 vicorages
557 3044 593 3111 os
599 3043 748 3095 Edenltom
759 3042 820 3094 and
827 3041 975 3109 Bombneg
986 3058 1034 3095 ore
1044 3048 1094 3095 not
1099 3048 1149 3111 yet
1158 3043 1312 3108 onlotnert]

408 3155 663 3218 HEDDENHAM
686 3169 733 3217 ET
750 3155 946 3231 BAMBURQ
962 3176 1027 3237 que
1047 3164 1125 3217 sunt
1142 3155 1262 3217 Prioris
1281 3165 1315 3218 et
1334 3165 1518 3218 conventus
1534 3156 1575 3219 dc

319 3257 507 3322 Bridlinton
524 3259 672 3321 nondum
690 3268 768 3321 sunt
783 3259 943 3322 ordinate.

404 3531 433 3614 [“
442 3532 559 3594 LIBER
576 3531 811 3610 ANTIQUUS’',
828 3532 934 3595 wlzecle
958 3534 987 3595 t's
1010 3554 1096 3595 neore
1119 3555 1157 3595 or
1177 3534 1238 3597 less
1253 3534 1399 3615 parallel
1418 3536 1500 3598 eoe'tle
1524 3537 1575 3598 tlte

308 3636 483 3717 soregoe'ng
498 3637 566 3713 roll,
581 3638 722 3718 oppends
737 3637 789 3699 tlte
800 3637 979 3719 following
991 3638 1158 3718 oicoroges
1169 3637 1385 3715 s—Witham,
1402 3639 1575 3722 Spalding,

321 3738 471 3815 Kaburn,
495 3740 751 3818 Swinhamsted,
776 3740 905 3817 Allord,
929 3740 1074 3818 Katteb’,
1098 3741 1360 3818 Westravendal,
1385 3730 1574 3826 Langetoft,

320 3842 445 3924 Thorp,
466 3864 525 3925 pro
548 3843 678 3906 duabus
701 3844 850 3927 partibus
869 3844 1006 3907 ecclesie
1025 3844 1067 3907 de
1089 3845 1265 3926 Staynton.
1321 3846 1351 3907 T
1348 3846 1386 3907 lee
1405 3846 1471 3909 last
1488 3846 1574 3909 tlzree

319 3968 376 4008 are
394 3946 429 4008 in
449 3947 535 4009 later
552 3947 665 4009 leonds.
716 3948 747 4009 T
744 3948 817 4010 ltere
837 3968 908 4011 noas
928 3947 1089 4027 evidently
1107 3947 1244 4010 another
1264 3948 1446 4011 eneenbrane
1468 3950 1572 4013 tontole

318 4050 347 4113 is
362 4071 436 4114 now
452 4050 611 4133 messing]

405 4299 474 4381 [On
491 4322 513 4362 o
527 4310 673 4381 separate
688 4301 870 4363 neeenbrane
885 4311 922 4363 at
937 4301 988 4363 tlte
1003 4302 1069 4362 end
1079 4302 1120 4375 os
1127 4300 1179 4362 tlte
1194 4301 1257 4362 roll
1265 4301 1333 4382 .·-]

315 4439 474 4504 [Chureltes.
482 4440 617 4506 perniones
629 4439 689 4491 ond
697 4444 772 4491 rents
777 4439 903 4506 granted
911 4438 944 4506 by
955 4438 1062 4504 Bisleop
1073 4438 1164 4506 Hnglt
1177 4443 1204 4490 to
1215 4438 1260 4489 tlte
1270 4438 1387 4505 regular
1396 4439 1507 4507 clergo]

405 4550 564 4626 Ecclesie,
579 4551 764 4632 pensiones,
783 4560 817 4613 et
837 4549 985 4612 redditus
1006 4548 1152 4611 concessi
1173 4548 1206 4609 in
1227 4549 1377 4630 proprios
1398 4570 1476 4611 usus
1496 4552 1570 4613 viris

319 4656 479 4737 religiosis
495 4676 554 4736 per
570 4655 753 4716 Dominum
774 4654 815 4717 H.
832 4654 1025 4729 secundum,
1043 4651 1309 4714 Lincolniensem
1327 4652 1540 4735 Episcopum.

404 4800 581 4863 Canonicis
612 4799 784 4882 hospitalis
808 4798 994 4862 Lincolnie:
1017 4797 1155 4861 ecclesia
1171 4796 1213 4858 de
1236 4796 1383 4873 Auford'‚
1408 4818 1497 4861 anno
1519 4812 1569 4877 x⁰;
1637 4849 1640 4858 .

317 4902 468 4985 cappella
483 4902 526 4965 de
540 4903 703 4985 Riggeby,
715 4903 852 4966 ecclesie
867 4903 910 4965 de
924 4903 958 4964 M
963 4902 1066 4964 arton’
1079 4900 1141 4983 [et]
1156 4900 1328 4976 Niweton’,
1341 4920 1428 4962 anno
1445 4904 1567 4983 quinto.

405 5005 608 5068 Monialibus
624 5006 666 5069 de
682 5006 796 5071 Sixle:
819 5006 993 5072 ecclesiam
1009 5004 1052 5067 de
1069 5002 1214 5084 Kateby,
1230 5023 1318 5065 anno
1334 5003 1404 5084 xij0.
