3550 5692
603 513 786 618 'Episcopi
806 515 1089 609 Le'ncolnne‘nse's.
1429 542 1478 619 23

214 759 430 842 inquisitione
453 781 512 842 per
533 761 571 842 J.,
592 759 876 826 Archidiaconum
903 761 1109 840 Bedefordie,
1128 784 1187 846 per
1209 783 1321 846 quam,
1339 774 1409 843 etc,
1428 765 1472 850 ad

213 862 538 928 eandemadmissus
557 873 608 928 est
628 863 691 936 sub
705 880 806 928 onere
825 874 861 929 et
881 886 968 948 pena
982 865 1190 944 vicariorum,
1204 876 1267 932 etc.
1314 867 1360 932 Et
1379 889 1472 939 man-

213 966 330 1034 datum
355 977 406 1036 est
429 967 521 1032 dicto
544 967 803 1046 Archidiacono,
825 978 886 1036 etc.
934 969 1095 1035 Consistit
1118 979 1230 1041 autem
1254 971 1328 1054 ipsa
1350 972 1472 1040 vicaria

214 1079 251 1135 u't
267 1091 368 1155 supra
383 1091 472 1136 anno
488 1072 654 1155 proximo,
696 1085 699 1093 ¹

777 1193 909 1206 h*-

212 1291 344 1360 [Stepken
355 1291 390 1344 de
403 1291 517 1351 Castell,’
527 1291 696 1356 snb-decenn,
704 1290 856 1362 presented
864 1292 898 1360 by
908 1292 954 1346 tte
966 1292 1052 1346 Peior
1060 1293 1121 1346 and
1136 1293 1262 1347 Conveni
1274 1295 1311 1363 es
1324 1295 1470 1357 Caldwell,

276 1373 377 1438 astera
387 1373 496 1440 dispute
505 1373 588 1427 about
597 1373 642 1428 tte
647 1377 813 1443 patronage,
825 1375 851 1428 is
861 1373 1009 1427 instituted
1016 1379 1044 1427 te
1054 1375 1100 1428 ttre
1108 1375 1208 1428 etrurcle
1220 1376 1255 1443 of
1269 1376 1393 1445 Oakley.]

298 1477 702 1559 tiam-Stephanus
717 1477 760 1540 de
776 1476 918 1554 Castell',
934 1476 1167 1556 subdiaconus,
1183 1489 1393 1561 presentatus
1410 1501 1468 1562 per

212 1579 358 1644 Priorem
375 1591 409 1644 et
424 1589 626 1644 conventum
643 1579 686 1644 de
701 1579 912 1644 Caudewelle
928 1579 971 1643 ad
987 1581 1162 1644 ecclesiam
1178 1580 1221 1645 de
1237 1580 1370 1664 Akleye
1390 1603 1465 1646 cum

211 1683 339 1767 capella
354 1683 397 1748 de
413 1683 588 1766 Cloptone,
604 1684 692 1748 facta
711 1683 802 1767 prius
822 1684 1036 1766 inquisitione
1056 1705 1115 1767 per
1128 1685 1167 1766 J.,
1183 1685 1466 1749 Archidiaconum
1482 1695 1489 1709 ‘

212 1788 417 1866 Bedefordie,
442 1799 476 1853 et
501 1789 642 1873 receptis
667 1789 785 1853 litteris
810 1788 937 1852 domini
970 1790 1073 1871 Regis
1100 1790 1348 1854 continentibus
1374 1791 1465 1874 quod

211 1893 303 1956 Prior
312 1893 354 1956 de
370 1893 570 1958 Caldewelle
586 1894 619 1957 in
635 1895 726 1956 curia
742 1915 802 1956 sua
817 1913 930 1956 coram
946 1894 1143 1975 Justiciariis
1159 1895 1226 1957 suis
1248 1895 1339 1979 apud
1356 1895 1465 1969 West-

210 1998 448 2062 monasterium
469 2017 528 2080 per
546 1996 847 2064 considerationem
867 1996 1019 2079 ejusdem
1039 1998 1128 2062 curie
1148 1999 1354 2082 recuperavit
1373 2000 1465 2062 saisi-

209 2120 288 2164 nam
319 2122 413 2166 suam
443 2101 486 2165 de
516 2101 736 2166 advocatione
765 2101 903 2166 ecclesie
932 2100 975 2164 de
1005 2100 1091 2165 Acle
1121 2123 1233 2166 versus
1258 2103 1465 2169 Willelmum

211 2203 366 2268 Mauduit
403 2214 437 2268 et
476 2205 662 2269 Robertum
692 2205 735 2270 de
773 2205 940 2288 Burneby,
972 2205 1172 2286 Johannam‚
1206 2226 1347 2270 uxorem
1384 2206 1465 2288 ejus,

208 2309 396 2391 Johannem
428 2310 459 2373 le
489 2311 589 2386 Brun,
620 2309 775 2386 Aliciam,
806 2330 945 2372 uxorem
976 2308 1056 2390 ejus,
1088 2309 1270 2373 Ricardum
1306 2311 1464 2388 Burdum‚

209 2412 419 2497 Eggelinam
457 2434 597 2476 uxorem
634 2413 715 2495 ejus,
754 2413 1056 2496 Berth[olomeu]m
1093 2413 1137 2476 de
1176 2413 1388 2497 Bakingtone
1430 2426 1464 2477 et

210 2518 397 2594 Matildam‚
420 2538 560 2581 uxorem
587 2517 667 2599 ejus,
686 2517 903 2600 Radulphum
928 2517 970 2580 de
998 2516 1151 2580 Wedone
1177 2528 1212 2581 et
1239 2518 1464 2599 Laurentiam‚

208 2641 348 2685 uxorem
372 2621 453 2703 ejus,
468 2642 527 2705 per
549 2642 622 2704 que,
645 2632 716 2698 etc,
739 2621 782 2684 ad
805 2622 949 2685 eandem
972 2621 1146 2684 ecclesiam
1170 2643 1246 2684 cum
1270 2623 1398 2705 capella
1420 2622 1464 2689 de

208 2723 374 2807 Cloptone
398 2733 448 2788 est
473 2725 638 2788 admissus
662 2734 696 2789 et
723 2724 882 2788 canonice
910 2723 1051 2806 persona
1075 2725 1247 2788 institutus
1270 2725 1303 2787 in
1326 2725 1463 2803 eisdem,

207 2827 299 2890 salva
323 2829 430 2910 gratia
460 2849 561 2911 quam
589 2828 745 2891 dominus
772 2829 961 2911 Episcopus
986 2827 1028 2891 de
1052 2849 1215 2892 consensu
1246 2829 1382 2912 capituli
1413 2829 1463 2892 sui

209 2931 368 3016 predictis
390 2932 493 2995 Priori
514 2942 549 2995 et
568 2933 747 2996 conventui
764 2931 806 2995 de
825 2931 951 2994 eisdem
972 2931 1112 2995 ecclesia
1130 2941 1164 2995 et
1184 2930 1313 3014 capella
1327 2932 1463 2996 duxerit

208 3033 403 3100 faciendam.
451 3035 496 3099 Et
513 3035 710 3099 mandatum
726 3044 777 3097 est
793 3034 883 3098 dicto
900 3034 1149 3098 Archidiacono
1165 3044 1211 3112 ut,
1227 3044 1288 3098 etc.

206 3294 343 3358 [Re'cteard
350 3294 384 3348 de
394 3294 498 3358 LivetO,
508 3294 675 3358 sub-deacon,
684 3295 834 3362 presented
850 3294 940 3362 hythe
957 3292 1113 3346 Pnbrand
1131 3293 1303 3362 Conventof
1317 3295 1357 3348 St.
1370 3295 1462 3356 Neots.

270 3377 295 3428 is
306 3375 451 3430 instituted
459 3381 487 3429 to
498 3377 543 3428 the
551 3377 652 3429 chrerclr
662 3379 698 3446 of
704 3377 736 3428 K
733 3378 850 3444 notteng,
861 3378 892 3428 r'n
900 3377 1049 3429 succession
1058 3382 1085 3428 te
1097 3375 1203 3428 Walter
1208 3375 1243 3427 de
1254 3375 1463 3442 Wmmnotren

294 3467 746 3543 KNOTTINGE.-Ricardus
771 3478 813 3542 de
841 3478 969 3554 Liveto,
994 3476 1227 3554 subdiaconus,
1252 3489 1461 3561 presentatus

206 3602 264 3663 per
282 3583 427 3645 Priorem
440 3591 474 3646 et
490 3593 691 3646 conventum
709 3582 824 3648 Sancti
842 3581 942 3645 Neoti
959 3581 1002 3644 ad
1018 3582 1192 3644 ecclesiam
1209 3581 1251 3644 de
1268 3582 1459 3665 Cnottinge‚

204 3696 378 3751 vacantem
409 3709 449 3751 eo
476 3689 565 3772 quod
593 3689 755 3771 Magister
779 3688 947 3751 Walterus
974 3687 1016 3750 de
1043 3687 1274 3750 Werministre
1297 3687 1354 3769 qui
1384 3708 1459 3750 eam

204 3791 322 3854 ultimo
345 3793 461 3870 tenuit,
484 3791 574 3855 aliud
598 3813 618 3854 a
641 3791 736 3854 nobis
760 3785 889 3873 accepit
913 3788 1110 3853 beneficium
1133 3809 1246 3852 curam
1272 3791 1458 3853 animarum

204 3895 331 3958 habens
356 3916 534 3974 annexam,
559 3896 647 3960 sacta
672 3897 762 3978 prius
787 3895 1002 3977 inquisitione
1029 3914 1087 3976 per
1110 3894 1148 3975 J.,
1175 3893 1457 3958 Archidiaconum

206 3998 412 4077 Bedefordie,
441 4021 501 4083 per
531 4021 641 4082 quam,
671 4009 742 4076 etc,
772 3997 815 4063 ad
845 3998 988 4062 eandem
1019 3996 1184 4062 admissus
1216 4007 1276 4074 est,
1305 4007 1366 4061 etc.
1413 3999 1458 4062 Et

203 4102 399 4167 mandatum
415 4114 467 4167 est
482 4103 573 4167 dicto
590 4103 837 4167 Archidiacono
853 4113 899 4180 ut,
915 4112 975 4166 etc.

202 4364 338 4433 [Thomas
354 4365 388 4418 de
406 4364 579 4430 Pertenltale
592 4364 760 4428 nebdeacon,
769 4363 919 4432 presented
932 4363 966 4431 by
977 4363 1103 4416 Re‘elnurd
1116 4364 1150 4416 de
1169 4363 1341 4427 Pertenteote,
1353 4363 1459 4432 astera

267 4446 376 4532 de'spnte
386 4447 469 4512 aima
479 4447 524 4501 tlte
529 4451 694 4516 patronege,
707 4447 733 4499 is
743 4445 889 4499 instituted
897 4451 924 4498 to
934 4446 980 4498 ttte
991 4445 1091 4500 cknrctt
1103 4446 1138 4513 of
1153 4444 1278 4513 Chyton]

290 4548 689 4613 CLIFTONE.—Thomas
710 4546 753 4612 de
774 4547 981 4624 Pertenhale,
997 4547 1231 4624 subdiaconus,
1247 4555 1456 4629 presentatus

203 4671 261 4733 per
278 4651 458 4714 Ricardum
474 4651 517 4716 de
542 4652 739 4716 Pertenhale
761 4651 803 4715 ad
824 4651 999 4714 ecclesiam
1021 4649 1063 4713 de
1086 4650 1240 4726 Cliitone,
1256 4649 1344 4712 facta
1365 4650 1455 4731 prius

203 4754 415 4836 inquisitione
435 4776 494 4837 per
513 4757 550 4838 J.,
573 4754 855 4819 Archidiaconum
885 4753 1091 4829 Bedefordie,
1111 4765 1144 4818 et
1169 4753 1310 4835 receptis
1337 4751 1454 4815 litteris

202 4858 328 4922 domini
360 4859 463 4941 Regis
493 4858 741 4922 continentibus
769 4857 858 4940 quod
890 4859 1046 4920 convenit
1076 4859 1110 4920 in
1141 4859 1231 4921 curia
1255 4877 1315 4918 sua
1341 4877 1453 4921 coram

200 4962 397 5044 Justiciariis
421 4963 489 5026 suis
516 4964 605 5047 apud
630 4961 965 5028 westmonasterium
990 4962 1076 5025 inter
1099 4961 1280 5027 Ricardum
1304 4959 1347 5024 de
1378 4962 1453 5026 Per-
