3550 5692
552 600 556 606 ·
590 570 769 669 Episcopi
800 572 1084 646 Lincolnieusz's.
1392 536 1469 668 205Ι

207 805 318 870 [Robeit
325 804 360 859 de
373 804 578 867 Geseberdkirk,
590 807 728 874 chopiain,
735 808 883 874 presented
892 809 925 875 by
933 808 978 861 tlte
986 808 1019 859 K
1016 808 1123 876 uigilis·
1127 809 1154 859 T
1149 810 1277 876 emplers,
1287 810 1311 861 is
1324 808 1468 861 instituted

271 888 491 1038 paphpelnidejdiety
507 889 599 957 restite
614 889 714 942 chureii
734 890 770 956 ef
781 890 870 943 Sentit
892 890 1014 942 tham
1035 890 1126 943 witich
1147 890 1281 944 Nictelas
1299 891 1333 943 de
1357 890 1465 943 Westen

295 1081 696 1146 SUDWYM'.—Robertus
707 1083 749 1147 de
760 1083 1027 1162 Goseberdkirk',
1040 1083 1242 1167 capellanus
1255 1094 1465 1166 presentatus

208 1207 266 1268 per
288 1185 422 1248 fratrem
441 1186 625 1249 Robertum
646 1186 689 1249 de
714 1186 923 1263 Saundford’,
941 1186 1140 1269 Magistrum
1167 1188 1320 1250 Fratrum
1344 1188 1465 1252 Militie

208 1288 340 1372 Templi
356 1290 390 1351 in
409 1289 535 1371 Anglia
551 1289 593 1352 ad
616 1289 830 1353 medietatem
851 1291 990 1354 ecclesie
1005 1290 1048 1354 de
1069 1291 1249 1373 Sudwym’,
1265 1294 1353 1354 tacta
1376 1292 1465 1374 prius

208 1394 421 1475 inquisitione
444 1413 503 1475 per
527 1394 577 1470 R.‚-
599 1393 883 1456 Archidiaconum
911 1394 1093 1470 Lincolnie,
1116 1416 1174 1477 per
1197 1415 1307 1476 quam,
1326 1404 1396 1471 etc,
1420 1394 1463 1457 ad

206 1496 347 1560 eandem
365 1496 590 1573 medietatem,
606 1496 731 1560 scilicet
750 1497 793 1560 ad
818 1497 908 1560 illam
925 1519 1026 1580 quam
1045 1497 1206 1579 Magister
1224 1498 1252 1559 N
1258 1495 1406 1559 icholaus
1422 1497 1465 1560 de

207 1600 357 1663 Weston’
385 1599 503 1663 ultimo
533 1601 649 1676 tenuit,
674 1601 839 1663 admissus
865 1610 925 1677 est,
950 1612 984 1665 et
1011 1602 1045 1663 in
1072 1622 1112 1663 ea
1139 1602 1298 1663 canonice
1323 1621 1465 1683 persona

207 1705 386 1781 institutus,
413 1725 489 1767 cum
516 1725 617 1768 onere
646 1715 680 1768 et
711 1726 798 1788 pena
828 1707 1033 1768 vicariorum.
1088 1706 1140 1769 lta
1171 1705 1261 1787 quod
1289 1725 1348 1788 per
1378 1704 1464 1768 hanc

206 1806 444 1870 admissionem
461 1808 560 1870 nichil
574 1808 657 1889 juris
672 1818 838 1871 accrescat
854 1809 905 1872 vel
924 1808 1095 1872 decrescat
1110 1807 1237 1872 eisdem
1254 1807 1409 1871 fratribus
1428 1809 1461 1871 in

206 1911 344 1988 ecclesia
360 1910 519 1994 predicta,
534 1912 586 1975 vel
603 1914 637 1974 in
653 1912 766 1994 aliqua
781 1914 831 1975 sui
847 1923 951 1995 parte.
999 1913 1044 1975 Et
1066 1912 1263 1975 mandatum
1286 1920 1337 1975 est
1356 1911 1464 1975 eidem

208 2014 454 2078 Archidiacono
471 2024 516 2092 ut,
532 2026 593 2079 etc.

206 2184 308 2253 [Hugh
325 2185 463 2248 Pinchun‚
476 2185 614 2252 ctaplein,
625 2186 775 2252 presented
783 2186 816 2254 by
826 2186 871 2238 tite
882 2186 1008 2239 Prioress
1019 2186 1079 2237 and
1093 2187 1219 2238 Conveni
1234 2186 1269 2253 os
1281 2185 1427 2253 Appieten,
1441 2187 1466 2238 is

270 2267 416 2319 instituted
429 2267 760 2335 vicaroflmmingiiam.
798 2267 855 2319 The
865 2270 996 2336 vicarege
1007 2268 1032 2319 is
1042 2266 1201 2333 described]

295 2377 702 2461 lMMINGHAM.¹-Hugo
739 2379 899 2455 Pinchun‚
930 2377 1131 2461 capellanus
1153 2387 1370 2460 ⁴presentatus
1405 2397 1464 2459 per

206 2483 399 2545 Priorissam
426 2492 460 2546 et
491 2494 693 2546 conventum
718 2482 760 2545 de
788 2481 970 2564 Appelton'
996 2481 1038 2544 ad
1064 2482 1221 2544 vicariam
1253 2481 1391 2545 ecclesie
1417 2481 1460 2544 de

209 2586 453 2669 lmmingham’,
487 2587 575 2649 facta
612 2588 702 2669 prius
741 2587 956 2668 inquisitione
994 2605 1052 2667 per
1090 2586 1139 2662 R,
1177 2585 1463 2648 Archidiaconum

103 2702 106 2708 ’
208 2690 389 2767 Lincolnie,
405 2711 464 2773 per
485 2710 597 2772 quam,
619 2698 690 2765 etc,
705 2689 748 2752 ad
768 2689 909 2753 eandem
934 2690 1100 2766 vicariam,
1119 2701 1189 2766 etc,
1210 2709 1285 2751 cum
1308 2709 1408 2752 onere
1431 2699 1465 2752 et

207 2814 294 2875 pena
316 2794 522 2856 vicariorum.
569 2793 738 2868 Consistit,
755 2802 877 2869 autem,
898 2794 970 2874 ipsa
993 2792 1114 2855 vicaria
1138 2793 1171 2854 in
1198 2801 1269 2855 toto
1295 2792 1483 2873 alteragiq·

207 2897 306 2960 salvis
330 2896 408 2959 inde
431 2895 537 2959 tribus
561 2895 710 2979 partibus
733 2895 862 2959 decime
885 2894 961 2958 lane
984 2894 1083 2958 dictis
1106 2894 1314 2971 monialibus
1335 2915 1400 2976 que
1422 2894 1466 2957 de

206 3000 362 3063 omnibus
385 2999 541 3063 oneribus
561 3000 686 3062 dictam
710 3000 885 3063 ecclesiam
910 2999 1181 3081 contingentibus
1205 2998 1480 3081 respondebunt,-

207 3113 417 3186 preterquam
441 3103 484 3166 de
507 3101 724 3185 synodalibus
747 3123 812 3184 que
834 3104 975 3165 vicarius
998 3101 1112 3165 solvet.
1170 3102 1327 3177 Habebit,
1354 3103 1465 3178 etiam,

205 3209 347 3270 vicarius
369 3207 491 3270 toltum
515 3208 604 3289 quod
629 3216 767 3269 vocatur
790 3207 935 3269 Persone
959 3205 1069 3270 Crolt’.
1121 3206 1166 3269 Et
1190 3205 1389 3269 mandatum
1412 3217 1464 3269 est

206 3312 297 3375 dicto
313 3310 562 3375 Archidiacono
578 3320 624 3387 ut,
639 3320 699 3373 etc.

205 3497 308 3566 [Hugh
319 3496 353 3550 de
368 3498 491 3561 Tointen,
502 3496 671 3558 snb-deacen,
678 3495 829 3563 presented
842 3496 875 3563 by
886 3494 985 3563 Henty
995 3495 1029 3548 de
1045 3496 1072 3547 T
1068 3496 1169 3556 nenton,
1182 3498 1207 3549 is
1224 3496 1370 3550 instituted
1382 3502 1409 3549 to
1420 3496 1465 3550 tlte

270 3579 386 3646 eaden
396 3580 432 3647 es
438 3579 483 3631 the
493 3578 593 3632 chureii
604 3579 640 3646 of
649 3577 927 3646 ToyntonSt-Peter,
940 3578 1031 3629 witich
1046 3577 1153 3630 Gilbert
1162 3578 1222 3630 lind
1230 3578 1314 3646 held]

292 3690 651 3772 TOYNTON'.-Hug0
674 3690 717 3753 de
738 3690 905 3765 Tointon’,
921 3688 1154 3766 subdiaconus,
1171 3700 1381 3772 presentatus
1405 3712 1464 3774 per

207 3795 392 3858 Henricum
408 3794 451 3858 de
467 3794 634 3870 Tointon’,
650 3794 799 3869 militem,
814 3792 856 3855 ad
874 3792 965 3855 illam
983 3791 1198 3856 medietatem
1214 3794 1247 3855 in
1262 3794 1405 3863 ecclesia
1420 3794 1463 3859 de

205 3898 373 3980 Toynton’
410 3920 512 3981 quam
551 3897 728 3973 Gilbertu3‚
766 3896 912 3972 clericus,
942 3896 1061 3959 ultimo
1098 3898 1214 3973 tenuit,
1245 3897 1333 3961 facta
1372 3899 1461 3981 prius

206 4003 419 4083 inquisitione
442 4023 501 4084 per
524 4002 574 4078 R,
597 4001 879 4064 Archidiaconum
906 4000 1087 4077 Lincolnie,
1110 4021 1169 4083 per
1191 4021 1302 4082 quam,
1325 4013 1395 4078 etc,
1418 4001 1461 4065 ad

204 4105 347 4168 eandem
372 4105 586 4168 medietatem
611 4104 776 4167 admissus
798 4112 858 4180 est,
880 4114 941 4166 etc.
989 4104 1034 4166 Et
1059 4102 1255 4167 mandatum
1279 4114 1329 4167 est
1352 4104 1460 4168 eidem

205 4209 453 4273 Archidiacono
468 4220 514 4287 ut,
529 4220 590 4272 etc.
637 4210 682 4273 Et
698 4209 884 4290 injunctum
901 4218 952 4271 est
968 4207 1077 4271 eidem
1100 4208 1248 4291 Hugoni,
1266 4208 1329 4270 sub
1344 4208 1461 4272 debito

202 4314 391 4395 juramenti,
407 4313 497 4396 quod
514 4313 620 4376 scolas
636 4312 823 4394 frequentet
838 4322 872 4375 et
888 4311 1047 4376 addiscat.
1070 4320 1072 4325 '

203 4508 344 4577 [Geoffrey
354 4508 387 4560 de
398 4508 487 4568 Lude,
499 4507 636 4575 ciaplain,
645 4508 793 4575 presented
806 4508 840 4576 by
849 4507 950 4560 Robert
958 4508 1062 4574 Lupus,
1075 4508 1100 4559 is
1110 4506 1256 4561 instituted
1269 4512 1296 4560 te
1307 4507 1352 4561 tte
1362 4506 1461 4574 chepel

268 4592 298 4643 in
310 4591 355 4643 tire
366 4590 481 4643 Market
489 4591 572 4643 Place
582 4595 614 4643 at
626 4591 715 4643 Castie
730 4590 862 4658 Certim]

290 4699 767 4785 [KJARLETON'.—Galfridus
797 4699 840 4763 de
879 4699 984 4775 Luda,
1014 4698 1215 4781 capellanus
1247 4708 1462 4781 presentatus

203 4826 263 4889 per
288 4805 473 4868 Robertum
501 4804 633 4887 Lupum
659 4803 701 4867 ad
727 4803 890 4885 capellam
915 4803 1012 4865 sitam
1044 4803 1078 4864 in
1108 4801 1180 4864 soro
1205 4801 1248 4864 de
1280 4801 1463 4881 Karleton’,

492 5045 500 5074 ¹
514 5044 576 5096 The
588 5045 658 5096 later
671 5044 745 5096 hand
758 5044 809 5096 has
821 5043 914 5095 added
926 5042 1044 5094 “vicarie
1057 5041 1169 5109 portio”.
