3550 5692
327 569 395 637 126
664 561 801 635 Rutuli
823 561 1001 659 Hugonis
1025 561 1069 635 de
1103 561 1235 635 Welles

324 803 461 879 Pascha,
483 811 517 865 et
540 802 785 884 quinquaginta
807 801 932 863 solidos
955 800 998 864 ad
1021 800 1142 864 festum
1168 800 1283 866 Sancti
1307 801 1487 865 Michaelis
1536 803 1581 866 Et

322 906 499 971 sustinebit
514 905 603 968 idem
618 905 759 967 vicarius
775 905 890 967 omnia
905 924 1007 967 onera
1022 904 1224 986 parochialia
1236 904 1361 968 dictam
1375 905 1580 987 prebendam

322 998 560 1091 contingentia,
578 1018 612 1071 et
632 1007 847 1089 respondebit
865 1006 909 1070 de
932 1006 1138 1070 sinodalibus
1161 1027 1222 1089 pro
1245 1028 1306 1071 sua
1329 1010 1489 1091 portione.
1537 1010 1582 1074 Et

323 1113 510 1194 injunctum
526 1122 577 1175 est
593 1110 683 1175 dicto
700 1110 949 1174 Archidiacono
966 1110 1141 1175 Lincolnie
1156 1111 1256 1193 quod,
1272 1122 1332 1177 etc.

322 1283 464 1352 [Wlliam
478 1282 603 1349 Gulasre,
616 1281 695 1339 clerk.
704 1280 850 1348 presented
863 1280 897 1349 ty
907 1280 953 1333 tlte
963 1280 1074 1333 illuster
1087 1282 1123 1349 os
1133 1282 1352 1349 Sempringlram
1368 1283 1430 1335 and
1442 1284 1487 1335 tlte
1498 1283 1586 1337 Prior

388 1363 448 1416 and
459 1364 585 1416 Conveni
594 1363 630 1426 of
638 1362 758 1431 Ormsby,
772 1362 797 1414 ir
807 1360 953 1415 instituted
962 1367 989 1414 to
1000 1362 1046 1415 tlte
1057 1362 1157 1415 chureii
1169 1364 1205 1431 os
1210 1363 1416 1432 chdborough.]

369 1503 373 1510 ·
412 1474 770 1540 LUDBURG’.—Sexto
796 1474 959 1537 kalendas
988 1474 1198 1552 Novembris,
1222 1474 1409 1539 Willelmus
1436 1474 1583 1551 Gulafre,

324 1580 470 1655 clericus,
495 1566 703 1662 presentatus
734 1598 792 1661 per
818 1580 1018 1661 Magistrum
1049 1578 1176 1643 ordinis
1201 1578 1244 1643 de
1270 1580 1525 1661 Sempingham,
1549 1590 1583 1642 et

326 1685 472 1747 Priorem
497 1693 531 1746 et
555 1692 757 1745 conventum
784 1681 827 1745 de
852 1682 1030 1764 Ormesby,
1055 1681 1097 1745 ad
1129 1682 1303 1747 ecclesiam
1335 1682 1377 1745 de
1403 1682 1583 1765 Ludburg¹,

325 1787 413 1849 sacta
443 1786 532 1868 prius
570 1786 783 1867 inquisitione
814 1806 873 1867 per
901 1786 949 1861 R,
981 1784 1265 1848 Archidiaconum
1299 1786 1481 1861 Lincolnie,
1512 1796 1583 1861 etc,

325 1889 490 1952 admissus
505 1899 565 1965 est,
580 1899 614 1952 et
631 1889 663 1951 in
679 1909 719 1951 ea
735 1890 895 1951 canonice
911 1908 1054 1970 persona
1069 1889 1240 1953 institutus
1257 1888 1319 1951 sub
1335 1908 1421 1971 pena
1433 1888 1582 1953 Concilii.

327 1993 372 2055 Et
389 1992 585 2055 mandatum
601 2001 661 2067 est,
676 2002 737 2054 etc.

324 2162 459 2230 [Thomas
474 2161 509 2215 de
529 2162 655 2225 Netilton,
674 2162 753 2220 clerte,
768 2160 913 2227 presented
928 2160 1023 2229 hythe
1039 2162 1126 2215 Prior
1139 2162 1200 2215 aiut
1216 2161 1387 2229 conventos
1394 2162 1546 2229 Spalding,
1560 2163 1584 2213 is

390 2243 536 2295 zitstituted
545 2248 572 2295 to
582 2242 628 2295 the
638 2242 738 2295 clrurclr
750 2243 786 2310 of
792 2242 1001 2311 Atellanam]

332 2405 334 2408 .
416 2354 854 2417 HARDELTORP’.-Tertio
874 2353 948 2416 idus
966 2354 1167 2417 Novembris
1188 2354 1337 2416 Thomas
1354 2354 1396 2417 de
1413 2352 1584 2427 Netilton',

326 2458 472 2533 clericus,
497 2468 706 2540 presentatus
731 2478 790 2539 per
815 2458 963 2521 Priorem
988 2468 1022 2522 et
1049 2468 1249 2521 conventum
1275 2457 1318 2521 de
1343 2455 1516 2539 Spalding’
1541 2454 1582 2517 ad

325 2562 500 2625 ecclesiam
527 2562 569 2624 de
597 2561 820 2642 Hardeltorp',
844 2561 933 2624 facta
956 2563 1047 2644 prius
1072 2561 1285 2643 inquisitione
1311 2581 1370 2643 per
1393 2561 1442 2635 R,
1466 2559 1584 2622 Archi-

325 2665 505 2729 diaconum
523 2666 705 2740 Lincolnie,
722 2686 780 2747 per
795 2686 907 2747 quam,
920 2676 993 2741 etc,
1009 2665 1174 2729 admissus
1190 2676 1249 2740 est,
1264 2674 1299 2729 et
1315 2666 1347 2727 in
1367 2685 1407 2727 ea
1426 2664 1585 2726 canonice

327 2790 469 2851 persona
485 2770 665 2833 institutus.
712 2770 757 2832 Et
774 2768 961 2849 injunctum
978 2780 1028 2833 est
1044 2770 1073 2833 ei
1090 2769 1180 2851 quod
1196 2769 1238 2831 ad
1260 2770 1432 2851 proximos
1452 2767 1585 2831 ordines

326 2873 454 2936 domini
480 2873 639 2956 Episcopi
666 2883 743 2954 post
766 2873 887 2936 festum
914 2874 1029 2939 Sancti
1055 2873 1237 2949 Michaelis
1260 2893 1349 2935 anno
1372 2871 1585 2956 pontificatus

328 2978 377 3038 sui
393 2976 488 3056 xiiij0,
502 2977 577 3039 Deo
589 2976 701 3051 dante,
711 2975 937 3053 celebrandos
947 2978 1057 3040 veniet
1070 2978 1103 3038 in
1116 2976 1355 3039 subdiaconum
1373 2974 1584 3038 ordinandus,

329 3081 375 3142 Et
391 3079 587 3143 mandatum
604 3079 763 3142 est'dicto
779 3078 1027 3143 Archidiacono
1042 3079 1142 3161 quod,
1157 3090 1217 3143 etc.

416 3252 484 3335 [On
500 3253 553 3315 tlte
567 3254 659 3315 dorse
673 3254 714 3333 of
722 3252 774 3315 tlte
789 3253 853 3315 roll
863 3253 932 3336 .·-—]

328 3377 370 3445 [T
366 3378 400 3429 lte
417 3377 519 3445 charge
536 3376 571 3445 of
583 3378 631 3456 ther
644 3377 731 3456 Nuus
747 3378 783 3445 os
795 3378 834 3431 St.
852 3377 984 3437 Micioni,
1002 3377 1152 3445 Stamsord,
1170 3379 1195 3429 is
1213 3377 1354 3430 entrusted
1370 3382 1397 3429 to
1414 3376 1540 3429 Richard
1553 3377 1587 3428 de

394 3460 494 3519 Scoter,
507 3460 592 3512 monle
602 3460 638 3527 of
643 3459 766 3528 Burgi]

418 3571 557 3634 Domus
581 3570 723 3634 Snucn
749 3570 964 3633 Mrcunnms
989 3584 1038 3631 nu
1064 3570 1432 3635 stimuum-Anno
1455 3569 1587 3651 pontifi-

330 3684 424 3735 catus
444 3672 573 3735 domini
591 3674 750 3755 Episcopi
770 3673 865 3754 xiiij0,
881 3673 936 3735 die
954 3674 1046 3757 Jovis
1068 3657 1223 3756 proxima
1242 3684 1318 3756 post
1334 3674 1454 3737 festum
1472 3673 1587 3738 Sancti

332 3767 510 3840 Benedicti
522 3778 555 3839 in
573 3776 849 3859 Quadragesima,
865 3760 954 3859 apud
973 3778 1161 3855 Netelham‚
1177 3779 1355 3841 commissa
1370 3787 1421 3840 est
1437 3776 1588 3840 custodia
1655 3765 1658 3769 ⁵

331 3881 525 3942 monialium
565 3880 686 3942 domus
726 3880 841 3944 Sancti
882 3880 1057 3943 Michaelis
1087 3880 1129 3943 de
1164 3880 1331 3946 Stanl'ord’
1351 3863 1508 3943 'Ricardo
1546 3880 1587 3943 de

333 3984 458 4059 Scoter,
476 3983 641 4045 monacho
660 3982 703 4046 de
724 3983 847 4064 Burg0,
863 3984 1002 4065 prestita
1025 3985 1114 4066 prius
1133 3984 1177 4045 ab
1199 4005 1240 4047 eo
1260 3983 1397 4047 domino
1420 3984 1588 4066 Episcopo

332 4088 493 4149 canonica
506 4086 705 4150 obedientia.
752 4087 797 4149 Et
810 4086 1008 4149 mandatum
1021 4098 1072 4151 est
1086 4088 1134 4164 R,
1146 4087 1393 4151 Archidiacono
1407 4088 1587 4163 Lincolnie,

332 4188 422 4270 quod
439 4210 515 4251 eum
533 4210 593 4270 pro
609 4188 759 4271 predicto
776 4190 914 4253 custode
929 4190 1079 4271 ejusdcm
1096 4191 1216 4254 domus
1232 4191 1361 4254 habeat.

332 4382 444 4451 [Robm
461 4383 494 4436 de
513 4383 652 4445 Sammar,
672 4383 756 4435 monk
775 4385 811 4452 of
823 4349 946 4452 ¹err'tby¹
961 4386 1112 4451 presented
1117 4385 1160 4452 ty
1176 4385 1222 4438 tlte
1239 4385 1366 4439 Priorcss
1382 4384 1444 4437 and
1459 4384 1545 4437 Nuus
1560 4384 1594 4451 os

397 4464 553 4532 Stainfield,
567 4466 591 4537 is
602 4464 748 4516 mizluted
756 4464 867 4517 Master
875 4467 911 4533 qs
915 4466 988 4518 their
997 4466 1112 4535 Hense]

421 4573 807 4644 STEINFELD'.-Anno
823 4576 1037 4656 pontificatus
1053 4576 1356 4660 dominiEpiscopi
1373 4575 1468 4655 xiiij0,
1484 4575 1588 4658 pridie

334 4699 439 4747 nonas
470 4677 606 4760 Aprilis,
638 4678 806 4742 Robertus
844 4680 886 4743 de
919 4681 1091 4758 Sammar’,
1121 4681 1291 4763 quondam
1327 4681 1510 4743 monachus
1547 4679 1589 4743 de

335 4782 495 4863 Witteby,
516 4791 726 4863 presentatus
749 4803 807 4863 per
828 4784 1021 4855 Priorissam
1044 4795 1078 4848 et
1100 4786 1260 4849 moniales
1281 4784 1326 4847 de
1346 4784 1529 4861 Steinield',
1548 4783 1588 4846 de

334 4906 498 4953 consensu
522 4884 656 4955 Ricardi
677 4885 720 4948 de
741 4886 842 4962 Perci,
861 4890 1003 4968 patroni,
1020 4889 1052 4951 in
1075 4889 1274 4971 Magistrum
1295 4887 1445 4968 ejusdem
1469 4887 1589 4955 domus.

333 4989 376 5051 de
399 4986 692 5065 Steinield’„facta
713 4990 804 5070 prius
822 4992 1036 5071 inquisitione
1055 5013 1114 5074 per
1133 4993 1349 5068 Willelmum,
1365 4992 1454 5073 prius
1471 4990 1587 5055 Archi·
