3550 5692
327 540 397 607 140
660 516 797 590 Rotnle'
820 516 997 614 Hugom's
1022 539 1066 591 ne
1102 518 1235 591 Wetees

321 750 458 819 [Richard
471 751 505 803 de
522 752 627 820 Burgo,
635 752 784 819 presented
799 752 833 821 by
843 752 890 805 tlte
906 752 996 805 Athot
1012 752 1074 805 and
1091 754 1216 807 Convent
1234 754 1270 821 of
1284 754 1422 823 Bardney,
1434 770 1453 806 a
1472 753 1580 820 dispuit

385 834 496 901 having
507 832 571 886 been
581 833 683 899 settled,
696 834 721 886 is
731 833 877 887 instituted
884 840 912 887 to
922 834 967 887 the
977 834 1077 888 cirurch
1090 836 1126 903 os
1132 835 1231 904 sons]

408 952 696 1017 Somni-Cum
712 952 937 1017 controversia
949 962 1041 1016 mota
1052 953 1139 1017 inter
1149 952 1289 1017 dilectos
1300 952 1385 1016 filios
1397 954 1579 1036 Magistros

259 1068 265 1081 ·
321 1055 527 1118 Willelmum
554 1054 598 1119 de
629 1053 748 1119 Nevill’
771 1066 806 1120 et
837 1054 1019 1119 Ricardum
1044 1054 1087 1120 de
1113 1056 1225 1139 Burgo
1249 1076 1349 1138 super
1371 1056 1512 1120 ecclesia
1537 1055 1579 1119 de

319 1158 450 1241 Soteby
473 1179 532 1241 per
554 1158 798 1224 ordinationem
823 1170 981 1237 nostram,
997 1170 1067 1223 tam
1088 1161 1232 1243 partium
1253 1179 1355 1242 quam
1376 1159 1522 1223 Abbatis
1545 1168 1579 1223 et

318 1272 503 1326 conventus
529 1262 573 1327 de
603 1262 753 1340 Barden’,
778 1274 996 1346 patronorum
1024 1264 1136 1346 ipsius,
1161 1264 1400 1349 interveniente
1430 1283 1578 1338 assensu,

318 1366 429 1448 sopita
453 1366 504 1443 sit,
528 1366 711 1430 secundum
735 1365 825 1449 quod
850 1368 884 1430 in
912 1366 1021 1431 rotulo
1045 1376 1210 1431 cartarum
1235 1364 1364 1449 plenius
1379 1366 1579 1441 continetur,

316 1468 427 1532 dictus
456 1470 618 1553 Magister
645 1470 705 1546 R,
719 1470 761 1533 ad
787 1470 894 1552 ipsam
921 1469 1095 1534 ecclesiam
1123 1490 1182 1551 per
1212 1468 1379 1551 predictos
1405 1468 1576 1531 Abbatem

315 1581 353 1635 et
374 1583 576 1637 conventum
597 1584 816 1655 presentatus
834 1573 1000 1637 admissus
1020 1583 1079 1649 est,
1095 1582 1128 1637 et
1144 1574 1177 1636 in
1198 1594 1237 1637 ea
1256 1573 1416 1635 canonice
1436 1592 1578 1654 persona

317 1686 369 1739 est
392 1676 571 1742 institutus,
618 1677 663 1741 Et
687 1676 883 1741 mandatum
907 1687 959 1741 est
992 1678 1040 1754 R,
1064 1676 1312 1740 Archidiacono
1336 1676 1519 1752 Lincolnie,
1541 1686 1578 1739 ut

317 1778 446 1842 dictum
465 1780 514 1857 R,
529 1788 589 1843 etc.

319 1948 423 2017 [Hugh
441 1949 466 2002 le
482 1949 564 2013 Abte,
583 1949 721 2017 chaplain,
737 1949 886 2017 presented
901 1950 934 2018 by
951 1950 997 2002 tlte
1016 1949 1106 2002 Abbot
1120 1948 1181 2001 and
1200 1950 1376 2015 Conventus
1392 1948 1532 2008 Olverton,
1554 1948 1578 2001 is

384 2031 528 2083 instituted
541 2037 568 2084 to
578 2031 623 2084 tite
639 2031 741 2085 cnurcn
759 2033 794 2099 of
808 2032 901 2084 North
919 2031 1049 2085 Wtiram.
1087 2031 1143 2084 Tire
1159 2032 1276 2097 pension
1294 2032 1320 2083 is
1339 2030 1469 2085 resen-ved
1483 2036 1511 2083 to
1533 2030 1579 2083 the

387 2113 531 2181 Conveni]
1216 2140 1224 2150 ·

407 2233 786 2315 NORleMss.-Hug0
820 2233 851 2297 le
881 2233 991 2309 Abbe,
1020 2232 1245 2315 cappellanus,
1275 2242 1485 2315 presentatus
1519 2253 1579 2314 per

319 2337 489 2400 Abbatem
513 2348 547 2401 et
569 2337 801 2421 con[ventum]
823 2338 867 2402 de
891 2337 1099 2403 Oselveston'
1123 2337 1166 2400 ad
1189 2336 1364 2400 ecclesiam
1386 2336 1428 2399 de
1453 2335 1577 2398 North-

318 2441 471 2518 wimeth',
487 2440 575 2505 sacta
596 2443 686 2524 prius
705 2442 920 2524 inquisitione
939 2461 998 2523 per
1018 2441 1067 2518 R,
1086 2440 1371 2504 Archidiaconum
1393 2440 1577 2516 Lincolnie,

318 2565 377 2627 per
391 2564 502 2625 quam,
516 2554 588 2621 etc,
603 2545 768 2608 admissus
790 2554 850 2620 est,
866 2555 901 2633 et
924 2545 957 2607 in
981 2566 1021 2607 ea
1043 2544 1203 2608 canonice
1227 2564 1369 2627 persona
1385 2544 1577 2619 institutus;

317 2648 409 2710 salva
433 2647 530 2711 dictis
556 2648 683 2711 Abbati
713 2659 747 2712 et
777 2648 985 2731 con[ventui]
1010 2648 1053 2711 de
1083 2647 1202 2711 eadem
1233 2647 1373 2712 ecclesia
1397 2647 1512 2710 debita
1543 2656 1576 2709 et

315 2752 455 2832 antiqua
478 2752 645 2834 pensione.
692 2752 738 2815 Et
764 2752 961 2815 mandatum
985 2761 1036 2814 est
1059 2750 1149 2814 dicto
1174 2750 1422 2814 Archidiacono
1447 2759 1490 2826 ut,
1514 2760 1575 2812 etc.

320 2855 397 2917 Non
414 2854 576 2919 habemus
592 2856 703 2919 literas
720 2856 984 2938 presentationis.

315 3042 440 3109 [Walter
448 3044 481 3095 de
492 3042 601 3107 Heyles,
613 3043 780 3105 nib-deacon,
788 3042 938 3110 presented
954 3042 987 3105 by
998 3042 1044 3094 tite
1054 3041 1143 3094 Abbot
1159 3041 1220 3093 and
1237 3042 1363 3095 Convent
1378 3042 1414 3109 os
1418 3041 1538 3103 Boume,
1552 3039 1576 3091 is

384 3123 528 3177 instituted
536 3129 563 3176 to
579 3125 624 3177 tite
641 3125 741 3178 ceurae
759 3126 795 3194 of
809 3125 898 3178 Sonti
918 3123 1074 3192 Hyketram.
1112 3124 1139 3176 T
1135 3124 1168 3175 ire
1176 3124 1295 3190 pension
1306 3122 1471 3176 isresetved
1489 3128 1516 3174 to
1531 3122 1575 3173 tire

385 3207 514 3276 Canens]

408 3328 788 3393 HICHAM.-Walterus
811 3327 854 3391 de
880 3327 1017 3409 HeyleS,
1032 3327 1264 3403 subdiaconus
1285 3336 1494 3409 presentatus
1518 3347 1575 3408 per

318 3430 489 3495 Abbatem
506 3442 540 3495 et
556 3442 757 3496 conventum
775 3432 817 3495 de
840 3432 975 3494 Brunna
995 3431 1036 3494 ad
1059 3432 1233 3496 ecclesiam
1250 3430 1292 3493 de
1316 3431 1471 3507 Hicham‚
1488 3429 1574 3493 lacta

318 3535 408 3616 prius
424 3536 638 3617 inquisitione
654 3557 713 3619 per
730 3536 778 3612 R,
795 3535 1079 3598 Archidiaconum
1106 3535 1287 3611 Lincolnie,
1304 3535 1452 3596 Domina
1472 3534 1573 3597 etiam

319 3637 478 3701 Ysabella
501 3638 543 3701 de
571 3640 717 3710 Doveria
738 3640 802 3721 juri
827 3639 917 3721 quod
949 3639 1074 3715 habuit,
1089 3639 1141 3701 vel
1166 3638 1287 3701 habere
1303 3636 1487 3714 videbatur,
1503 3657 1573 3719 pre-

317 3742 472 3805 sentandi
488 3742 530 3805 ad
548 3744 689 3806 eandem
712 3764 771 3826 per
787 3744 899 3807 literas
915 3764 992 3805 suas
1013 3752 1166 3824 patentes
1188 3742 1412 3817 renunciante,
1428 3761 1487 3822 per
1502 3759 1574 3821 que,

315 3854 388 3920 etc,
403 3845 445 3908 ad
466 3847 606 3910 ean'dem
625 3847 790 3910 admissus
805 3856 865 3922 est,
880 3857 914 3909 et
935 3847 967 3908 in
988 3867 1028 3909 ea
1043 3847 1203 3909 canonice
1223 3866 1364 3928 persona
1384 3845 1574 3919 institutus;

316 3946 410 4010 salva
432 3948 530 4011 dictis
553 3951 721 4012 canonicis
745 3950 859 4014 debita
881 3959 915 4013 et
939 3950 1076 4031 antiqua
1107 3950 1266 4031 pensione
1290 3949 1332 4012 de
1354 3947 1482 4011 eadem.
1529 3946 1573 4009 Et

316 4048 505 4129 injunctum
521 4062 572 4115 est
589 4053 845 4125 Archidiacon0,
861 4054 1016 4136 presenti,
1031 4062 1077 4129 ut,
1092 4062 1153 4116 etc.

316 4236 428 4304 [Philip
441 4237 475 4289 de
489 4238 615 4306 Karleby,
629 4243 736 4306 parson
750 4242 787 4308 of
796 4256 847 4293 one
862 4240 978 4307 niceten
992 4240 1028 4306 of
1036 4239 1081 4291 tire
1096 4239 1197 4292 cistercie
1214 4239 1250 4306 os
1263 4238 1367 4305 Carlby,
1379 4239 1529 4305 presented
1543 4238 1574 4305 by

382 4319 483 4387 Philip
493 4320 526 4373 de
542 4321 661 4382 Wasten,
673 4324 699 4374 is
708 4323 855 4375 instituted
863 4328 890 4375 to
901 4322 946 4375 the
957 4322 1036 4374 other
1045 4322 1177 4390 mediety]

407 4439 815 4525 KARLEBY.—Philippus
838 4442 881 4505 de
906 4442 1064 4524 Karleby,
1088 4462 1230 4523 persona
1257 4441 1354 4504 unius
1384 4440 1572 4504 medietatis

315 4542 454 4607 ecclesie
495 4544 538 4607 de
580 4545 740 4627 Karleby,
782 4555 993 4628 presentatus
1030 4546 1072 4609 ad
1116 4546 1215 4607 aliam
1259 4544 1473 4608 medietatem
1517 4565 1574 4627 per

319 4646 510 4728 Philippum
526 4648 569 4711 de
584 4648 743 4726 Wasten’,
758 4660 936 4732 patronum
958 4648 1118 4730 ejusdem,
1134 4648 1223 4713 facta
1246 4649 1336 4730 prius
1359 4648 1574 4730 inquisitione

319 4769 377 4831 per
408 4751 457 4826 R,
488 4750 771 4815 Archidiaconum
805 4753 987 4829 Lincolnie,
1018 4772 1077 4835 per
1105 4772 1216 4834 quam,
1246 4761 1318 4828 etc,
1349 4751 1392 4814 ad
1430 4750 1573 4814 eandem

317 4854 533 4918 medietatem
549 4856 715 4919 admissus
730 4866 790 4933 est,
805 4867 839 4919 et
854 4857 887 4920 in
904 4878 944 4921 ea
959 4856 1119 4920 canonice
1140 4875 1281 4938 persona
1302 4856 1481 4918 institutus
1528 4855 1574 4919 Et

318 4956 505 5038 injunctum
521 4968 572 5021 est
588 4958 678 5022 dicto
696 4960 745 5036 R.,
760 4959 1018 5037 Archidiacon0,
1033 4969 1079 5036 ut,
1095 4969 1156 5023 etc.
