<?xml version="1.0" encoding="UTF-8"?>
<!DOCTYPE html PUBLIC "-//W3C//DTD XHTML 1.0 Transitional//EN"
    "http://www.w3.org/TR/xhtml1/DTD/xhtml1-transitional.dtd">
<html xmlns="http://www.w3.org/1999/xhtml" xml:lang="en" lang="en">
 <head>
  <title>
</title>
<meta http-equiv="Content-Type" content="text/html;charset=utf-8" />
  <meta name='ocr-system' content='tesseract 3.04.00' />
  <meta name='ocr-capabilities' content='ocr_page ocr_carea ocr_par ocr_line ocrx_word'/>
</head>
<body>
  <div class='ocr_page' id='page_1' title='image "./rotulihugonisde01davigoog_0189.png"; bbox 0 0 3550 5692; ppageno 0'>
   <div class='ocr_carea' id='block_1_1' title="bbox 350 534 1260 631">
    <p class='ocr_par' dir='ltr' id='par_1_1' title="bbox 350 534 1260 631">
     <span class='ocr_line' id='line_1_1' title="bbox 350 534 1260 631; baseline 0.002 -24"><span class='ocrx_word' id='word_1_1' title='bbox 350 536 418 629; x_wconf 87' lang='lat'>178</span> <span class='ocrx_word' id='word_1_2' title='bbox 688 534 826 607; x_wconf 80' lang='lat' dir='ltr'>Rutuli</span> <span class='ocrx_word' id='word_1_3' title='bbox 847 534 1024 631; x_wconf 73' lang='lat' dir='ltr'>Hugom&#39;s</span> <span class='ocrx_word' id='word_1_4' title='bbox 1049 535 1093 609; x_wconf 83' lang='lat' dir='ltr'>de</span> <span class='ocrx_word' id='word_1_5' title='bbox 1128 535 1260 611; x_wconf 83' lang='lat' dir='ltr'>Welles</span> 
     </span>
    </p>
   </div>
   <div class='ocr_carea' id='block_1_2' title="bbox 343 774 1605 2924">
    <p class='ocr_par' dir='ltr' id='par_1_2' title="bbox 346 774 1603 860">
     <span class='ocr_line' id='line_1_2' title="bbox 346 774 1603 860; baseline 0.004 -20"><span class='ocrx_word' id='word_1_6' title='bbox 346 775 535 860; x_wconf 85' lang='lat' dir='ltr'>generalem</span> <span class='ocrx_word' id='word_1_7' title='bbox 552 782 799 856; x_wconf 90' lang='lat' dir='ltr'>procuratorem</span> <span class='ocrx_word' id='word_1_8' title='bbox 816 774 938 839; x_wconf 88' lang='lat' dir='ltr'>Prioris</span> <span class='ocrx_word' id='word_1_9' title='bbox 953 783 988 839; x_wconf 90' lang='lat' dir='ltr'>et</span> <span class='ocrx_word' id='word_1_10' title='bbox 1003 784 1188 839; x_wconf 90' lang='lat' dir='ltr'>conventus</span> <span class='ocrx_word' id='word_1_11' title='bbox 1203 775 1246 841; x_wconf 90' lang='lat' dir='ltr'>de</span> <span class='ocrx_word' id='word_1_12' title='bbox 1263 776 1389 843; x_wconf 92' lang='lat' dir='ltr'>Sancto</span> <span class='ocrx_word' id='word_1_13' title='bbox 1406 778 1434 841; x_wconf 87' lang='lat' dir='ltr'>F</span> <span class='ocrx_word' id='word_1_14' title='bbox 1435 780 1603 845; x_wconf 92' lang='lat' dir='ltr'>romundo</span> 
     </span>
    </p>

    <p class='ocr_par' dir='ltr' id='par_1_3' title="bbox 345 876 1604 963">
     <span class='ocr_line' id='line_1_3' title="bbox 345 876 1604 963; baseline 0.003 -20"><span class='ocrx_word' id='word_1_15' title='bbox 345 881 379 943; x_wconf 90' lang='lat' dir='ltr'>in</span> <span class='ocrx_word' id='word_1_16' title='bbox 407 877 533 961; x_wconf 85' lang='lat' dir='ltr'>Anglia</span> <span class='ocrx_word' id='word_1_17' title='bbox 559 876 601 941; x_wconf 94' lang='lat' dir='ltr'>ad</span> <span class='ocrx_word' id='word_1_18' title='bbox 630 876 892 960; x_wconf 83' lang='lat' dir='ltr'>presentandum</span> <span class='ocrx_word' id='word_1_19' title='bbox 915 878 958 942; x_wconf 91' lang='lat' dir='ltr'>ad</span> <span class='ocrx_word' id='word_1_20' title='bbox 982 877 1144 943; x_wconf 91' lang='lat' dir='ltr'>beneficia</span> <span class='ocrx_word' id='word_1_21' title='bbox 1169 900 1228 943; x_wconf 89' lang='lat' dir='ltr'>eos</span> <span class='ocrx_word' id='word_1_22' title='bbox 1255 880 1383 945; x_wconf 90' lang='lat' dir='ltr'>ratione</span> <span class='ocrx_word' id='word_1_23' title='bbox 1406 892 1604 963; x_wconf 90' lang='lat' dir='ltr'>patronatus</span> 
     </span>
    </p>

    <p class='ocr_par' dir='ltr' id='par_1_4' title="bbox 347 982 1604 1069">
     <span class='ocr_line' id='line_1_4' title="bbox 347 982 1604 1069; baseline 0.003 -22"><span class='ocrx_word' id='word_1_24' title='bbox 347 983 576 1066; x_wconf 86' lang='lat' dir='ltr'>contingentia</span> <span class='ocrx_word' id='word_1_25' title='bbox 610 1001 686 1044; x_wconf 92' lang='lat' dir='ltr'>cum</span> <span class='ocrx_word' id='word_1_26' title='bbox 725 982 925 1060; x_wconf 89' lang='lat' dir='ltr'>vacaverint,</span> <span class='ocrx_word' id='word_1_27' title='bbox 960 982 1048 1047; x_wconf 87' lang='lat' dir='ltr'>lacta</span> <span class='ocrx_word' id='word_1_28' title='bbox 1086 984 1176 1065; x_wconf 88' lang='lat' dir='ltr'>prius</span> <span class='ocrx_word' id='word_1_29' title='bbox 1211 984 1424 1066; x_wconf 86' lang='lat' dir='ltr'>inquisitione</span> <span class='ocrx_word' id='word_1_30' title='bbox 1458 1007 1517 1069; x_wconf 90' lang='lat' dir='ltr'>per</span> <span class='ocrx_word' id='word_1_31' title='bbox 1553 988 1604 1066; x_wconf 84' lang='lat' dir='ltr'>R,</span> 
     </span>
    </p>

    <p class='ocr_par' dir='ltr' id='par_1_5' title="bbox 347 1083 1604 1168">
     <span class='ocr_line' id='line_1_5' title="bbox 347 1083 1604 1168; baseline 0.002 -18"><span class='ocrx_word' id='word_1_32' title='bbox 347 1084 632 1150; x_wconf 91' lang='lat' dir='ltr'>Archidiaconum</span> <span class='ocrx_word' id='word_1_33' title='bbox 650 1083 832 1161; x_wconf 88' lang='lat' dir='ltr'>Lincolnie‚</span> <span class='ocrx_word' id='word_1_34' title='bbox 847 1105 1033 1167; x_wconf 88' lang='lat' dir='ltr'>perquam,</span> <span class='ocrx_word' id='word_1_35' title='bbox 1048 1095 1119 1163; x_wconf 80' lang='lat' dir='ltr'>etc,</span> <span class='ocrx_word' id='word_1_36' title='bbox 1135 1085 1177 1150; x_wconf 89' lang='lat' dir='ltr'>ad</span> <span class='ocrx_word' id='word_1_37' title='bbox 1197 1087 1339 1151; x_wconf 90' lang='lat' dir='ltr'>eandem</span> <span class='ocrx_word' id='word_1_38' title='bbox 1359 1088 1524 1153; x_wconf 90' lang='lat' dir='ltr'>admissus</span> <span class='ocrx_word' id='word_1_39' title='bbox 1542 1100 1604 1168; x_wconf 92' lang='lat' dir='ltr'>est,</span> 
     </span>
    </p>

    <p class='ocr_par' dir='ltr' id='par_1_6' title="bbox 345 1186 1603 1269">
     <span class='ocr_line' id='line_1_6' title="bbox 345 1186 1603 1269; baseline 0.003 -16"><span class='ocrx_word' id='word_1_40' title='bbox 345 1200 406 1253; x_wconf 88' lang='lat' dir='ltr'>etc.</span> <span class='ocrx_word' id='word_1_41' title='bbox 467 1189 513 1251; x_wconf 90' lang='lat' dir='ltr'>Et</span> <span class='ocrx_word' id='word_1_42' title='bbox 536 1186 733 1251; x_wconf 89' lang='lat' dir='ltr'>mandatum</span> <span class='ocrx_word' id='word_1_43' title='bbox 761 1196 813 1251; x_wconf 90' lang='lat' dir='ltr'>est</span> <span class='ocrx_word' id='word_1_44' title='bbox 834 1187 927 1251; x_wconf 88' lang='lat' dir='ltr'>dicto</span> <span class='ocrx_word' id='word_1_45' title='bbox 950 1188 1198 1254; x_wconf 89' lang='lat' dir='ltr'>Archidiacono</span> <span class='ocrx_word' id='word_1_46' title='bbox 1221 1201 1266 1268; x_wconf 89' lang='lat' dir='ltr'>ut,</span> <span class='ocrx_word' id='word_1_47' title='bbox 1288 1201 1366 1269; x_wconf 88' lang='lat' dir='ltr'>etc.;</span> <span class='ocrx_word' id='word_1_48' title='bbox 1389 1192 1482 1256; x_wconf 90' lang='lat' dir='ltr'>salva</span> <span class='ocrx_word' id='word_1_49' title='bbox 1503 1194 1603 1258; x_wconf 91' lang='lat' dir='ltr'>dictis</span> 
     </span>
    </p>

    <p class='ocr_par' dir='ltr' id='par_1_7' title="bbox 346 1290 1605 1381">
     <span class='ocr_line' id='line_1_7' title="bbox 346 1290 1605 1381; baseline 0.002 -24"><span class='ocrx_word' id='word_1_50' title='bbox 346 1293 450 1357; x_wconf 90' lang='lat' dir='ltr'>Priori</span> <span class='ocrx_word' id='word_1_51' title='bbox 475 1302 510 1357; x_wconf 89' lang='lat' dir='ltr'>et</span> <span class='ocrx_word' id='word_1_52' title='bbox 534 1292 713 1357; x_wconf 91' lang='lat' dir='ltr'>conventui</span> <span class='ocrx_word' id='word_1_53' title='bbox 737 1291 780 1356; x_wconf 88' lang='lat' dir='ltr'>de</span> <span class='ocrx_word' id='word_1_54' title='bbox 805 1290 931 1357; x_wconf 89' lang='lat' dir='ltr'>Sancto</span> <span class='ocrx_word' id='word_1_55' title='bbox 957 1293 1151 1357; x_wconf 88' lang='lat' dir='ltr'>Fromundo</span> <span class='ocrx_word' id='word_1_56' title='bbox 1174 1314 1240 1357; x_wconf 91' lang='lat' dir='ltr'>una</span> <span class='ocrx_word' id='word_1_57' title='bbox 1265 1315 1377 1359; x_wconf 87' lang='lat' dir='ltr'>marca</span> <span class='ocrx_word' id='word_1_58' title='bbox 1399 1317 1520 1375; x_wconf 90' lang='lat' dir='ltr'>annua,</span> <span class='ocrx_word' id='word_1_59' title='bbox 1544 1318 1605 1381; x_wconf 93' lang='lat' dir='ltr'>per</span> 
     </span>
    </p>

    <p class='ocr_par' dir='ltr' id='par_1_8' title="bbox 346 1395 1603 1481">
     <span class='ocr_line' id='line_1_8' title="bbox 346 1395 1603 1481; baseline 0.005 -22"><span class='ocrx_word' id='word_1_60' title='bbox 346 1417 465 1460; x_wconf 89' lang='lat' dir='ltr'>manus</span> <span class='ocrx_word' id='word_1_61' title='bbox 477 1416 617 1479; x_wconf 82' lang='lat' dir='ltr'>persone</span> <span class='ocrx_word' id='word_1_62' title='bbox 630 1396 764 1458; x_wconf 90' lang='lat' dir='ltr'>nomine</span> <span class='ocrx_word' id='word_1_63' title='bbox 774 1395 924 1460; x_wconf 86' lang='lat' dir='ltr'>beneficii</span> <span class='ocrx_word' id='word_1_64' title='bbox 936 1396 1158 1480; x_wconf 89' lang='lat' dir='ltr'>percipienda,</span> <span class='ocrx_word' id='word_1_65' title='bbox 1168 1418 1269 1481; x_wconf 89' lang='lat' dir='ltr'>quam</span> <span class='ocrx_word' id='word_1_66' title='bbox 1281 1400 1325 1462; x_wconf 95' lang='lat' dir='ltr'>ibi</span> <span class='ocrx_word' id='word_1_67' title='bbox 1336 1399 1378 1464; x_wconf 90' lang='lat' dir='ltr'>de</span> <span class='ocrx_word' id='word_1_68' title='bbox 1387 1402 1603 1465; x_wconf 90' lang='lat' dir='ltr'>concessione</span> 
     </span>
    </p>

    <p class='ocr_par' dir='ltr' id='par_1_9' title="bbox 345 1499 1603 1669">
     <span class='ocr_line' id='line_1_9' title="bbox 345 1499 1603 1587; baseline 0.002 -22"><span class='ocrx_word' id='word_1_69' title='bbox 345 1510 379 1565; x_wconf 92' lang='lat' dir='ltr'>et</span> <span class='ocrx_word' id='word_1_70' title='bbox 394 1499 646 1565; x_wconf 90' lang='lat' dir='ltr'>confirmatione</span> <span class='ocrx_word' id='word_1_71' title='bbox 662 1500 800 1562; x_wconf 92' lang='lat' dir='ltr'>Domini</span> <span class='ocrx_word' id='word_1_72' title='bbox 820 1500 862 1563; x_wconf 95' lang='lat' dir='ltr'>H.</span> <span class='ocrx_word' id='word_1_73' title='bbox 879 1499 1016 1564; x_wconf 89' lang='lat' dir='ltr'>secundi</span> <span class='ocrx_word' id='word_1_74' title='bbox 1032 1510 1066 1564; x_wconf 90' lang='lat' dir='ltr'>et</span> <span class='ocrx_word' id='word_1_75' title='bbox 1079 1501 1225 1583; x_wconf 89' lang='lat' dir='ltr'>Capituli</span> <span class='ocrx_word' id='word_1_76' title='bbox 1243 1501 1417 1566; x_wconf 88' lang='lat' dir='ltr'>Lincolnie</span> <span class='ocrx_word' id='word_1_77' title='bbox 1432 1505 1603 1587; x_wconf 90' lang='lat' dir='ltr'>percipere</span> 
     </span>
     <span class='ocr_line' id='line_1_10' title="bbox 345 1614 595 1669; baseline -0.008 -1"><span class='ocrx_word' id='word_1_78' title='bbox 345 1614 595 1669; x_wconf 88' lang='lat' dir='ltr'>consueverunt.</span> 
     </span>
    </p>

    <p class='ocr_par' dir='ltr' id='par_1_10' title="bbox 345 1743 1604 1977">
     <span class='ocr_line' id='line_1_11' title="bbox 345 1743 1604 1817; baseline 0.002 -18"><span class='ocrx_word' id='word_1_79' title='bbox 345 1745 467 1815; x_wconf 84' lang='lat' dir='ltr'>[Walter</span> <span class='ocrx_word' id='word_1_80' title='bbox 478 1744 513 1799; x_wconf 81' lang='lat' dir='ltr'>de</span> <span class='ocrx_word' id='word_1_81' title='bbox 526 1744 651 1808; x_wconf 76' lang='lat' dir='ltr'>Andeur,</span> <span class='ocrx_word' id='word_1_82' title='bbox 663 1744 801 1812; x_wconf 76' lang='lat' dir='ltr'>ckaplain,</span> <span class='ocrx_word' id='word_1_83' title='bbox 809 1745 958 1811; x_wconf 74' lang='lat' dir='ltr'>presented</span> <span class='ocrx_word' id='word_1_84' title='bbox 970 1743 1004 1812; x_wconf 79' lang='lat' dir='ltr'>by</span> <span class='ocrx_word' id='word_1_85' title='bbox 1015 1744 1060 1799; x_wconf 80' lang='lat' dir='ltr'>the</span> <span class='ocrx_word' id='word_1_86' title='bbox 1070 1745 1157 1798; x_wconf 80' lang='lat' dir='ltr'>Prior</span> <span class='ocrx_word' id='word_1_87' title='bbox 1170 1744 1359 1813; x_wconf 55' lang='lat' dir='ltr'>cystertium,</span> <span class='ocrx_word' id='word_1_88' title='bbox 1366 1749 1483 1817; x_wconf 73' lang='lat' dir='ltr'>proctor</span> <span class='ocrx_word' id='word_1_89' title='bbox 1488 1749 1545 1817; x_wconf 89' lang='lat' dir='ltr'>sor</span> <span class='ocrx_word' id='word_1_90' title='bbox 1557 1748 1604 1801; x_wconf 77' lang='lat' dir='ltr'>the</span> 
     </span>
     <span class='ocr_line' id='line_1_12' title="bbox 409 1825 1604 1898; baseline 0.004 -20"><span class='ocrx_word' id='word_1_91' title='bbox 409 1826 560 1880; x_wconf 75' lang='lat' dir='ltr'>Pnirrand</span> <span class='ocrx_word' id='word_1_92' title='bbox 568 1826 694 1879; x_wconf 80' lang='lat' dir='ltr'>Conveni</span> <span class='ocrx_word' id='word_1_93' title='bbox 701 1825 737 1893; x_wconf 82' lang='lat' dir='ltr'>os</span> <span class='ocrx_word' id='word_1_94' title='bbox 743 1825 782 1879; x_wconf 87' lang='lat' dir='ltr'>St.</span> <span class='ocrx_word' id='word_1_95' title='bbox 791 1825 944 1889; x_wconf 73' lang='lat' dir='ltr'>Fromund</span> <span class='ocrx_word' id='word_1_96' title='bbox 954 1827 979 1879; x_wconf 87' lang='lat' dir='ltr'>is</span> <span class='ocrx_word' id='word_1_97' title='bbox 989 1826 1126 1879; x_wconf 80' lang='lat' dir='ltr'>admitted</span> <span class='ocrx_word' id='word_1_98' title='bbox 1134 1827 1215 1879; x_wconf 75' lang='lat' dir='ltr'>arear</span> <span class='ocrx_word' id='word_1_99' title='bbox 1223 1827 1367 1896; x_wconf 77' lang='lat' dir='ltr'>osBonby.</span> <span class='ocrx_word' id='word_1_100' title='bbox 1405 1828 1431 1880; x_wconf 92' lang='lat' dir='ltr'><em>T</em></span> <span class='ocrx_word' id='word_1_101' title='bbox 1426 1828 1461 1881; x_wconf 80' lang='lat' dir='ltr'>he</span> <span class='ocrx_word' id='word_1_102' title='bbox 1471 1830 1604 1898; x_wconf 68' lang='lat' dir='ltr'>wearage</span> 
     </span>
     <span class='ocr_line' id='line_1_13' title="bbox 408 1906 1479 1977; baseline 0.001 -16"><span class='ocrx_word' id='word_1_103' title='bbox 408 1906 600 1977; x_wconf 65' lang='lat' dir='ltr'>ridesm&#39;bed]</span> <span class='ocrx_word' id='word_1_104' title='bbox 1477 1910 1479 1919; x_wconf 93' lang='lat'>&#39;</span> 
     </span>
    </p>

    <p class='ocr_par' dir='ltr' id='par_1_11' title="bbox 343 2008 1602 2819">
     <span class='ocr_line' id='line_1_14' title="bbox 431 2008 1602 2097; baseline 0.004 -24"><span class='ocrx_word' id='word_1_105' title='bbox 431 2008 648 2093; x_wconf 77' lang='lat' dir='ltr'><strong>[BUND]EBY</strong></span> <span class='ocrx_word' id='word_1_106' title='bbox 668 2009 1056 2074; x_wconf 81' lang='lat' dir='ltr'>VICARIA.-Walterus</span> <span class='ocrx_word' id='word_1_107' title='bbox 1074 2010 1118 2073; x_wconf 94' lang='lat' dir='ltr'>de</span> <span class='ocrx_word' id='word_1_108' title='bbox 1134 2011 1292 2089; x_wconf 90' lang='lat' dir='ltr'>Andeur&#39;,</span> <span class='ocrx_word' id='word_1_109' title='bbox 1313 2012 1514 2095; x_wconf 66' lang='lat' dir='ltr'>capellanus</span> <span class='ocrx_word' id='word_1_110' title='bbox 1530 2035 1602 2097; x_wconf 90' lang='lat' dir='ltr'>pre·</span> 
     </span>
     <span class='ocr_line' id='line_1_15' title="bbox 344 2113 1602 2198; baseline 0.002 -21"><span class='ocrx_word' id='word_1_111' title='bbox 344 2124 495 2179; x_wconf 90' lang='lat' dir='ltr'>sentatus</span> <span class='ocrx_word' id='word_1_112' title='bbox 510 2133 569 2197; x_wconf 90' lang='lat' dir='ltr'>per</span> <span class='ocrx_word' id='word_1_113' title='bbox 585 2114 733 2177; x_wconf 89' lang='lat' dir='ltr'>Priorem</span> <span class='ocrx_word' id='word_1_114' title='bbox 750 2113 793 2179; x_wconf 89' lang='lat' dir='ltr'>de</span> <span class='ocrx_word' id='word_1_115' title='bbox 809 2114 999 2197; x_wconf 88' lang='lat' dir='ltr'>Syreburn’,</span> <span class='ocrx_word' id='word_1_116' title='bbox 1008 2115 1198 2197; x_wconf 84' lang='lat' dir='ltr'>generalem</span> <span class='ocrx_word' id='word_1_117' title='bbox 1215 2126 1463 2198; x_wconf 89' lang='lat' dir='ltr'>procuratorem</span> <span class='ocrx_word' id='word_1_118' title='bbox 1481 2118 1602 2181; x_wconf 90' lang='lat' dir='ltr'>Prioris</span> 
     </span>
     <span class='ocr_line' id='line_1_16' title="bbox 343 2217 1602 2302; baseline 0.001 -19"><span class='ocrx_word' id='word_1_119' title='bbox 343 2229 378 2283; x_wconf 87' lang='lat' dir='ltr'>et</span> <span class='ocrx_word' id='word_1_120' title='bbox 394 2228 577 2281; x_wconf 89' lang='lat' dir='ltr'>conventus</span> <span class='ocrx_word' id='word_1_121' title='bbox 593 2217 636 2280; x_wconf 91' lang='lat' dir='ltr'>de</span> <span class='ocrx_word' id='word_1_122' title='bbox 656 2218 783 2283; x_wconf 91' lang='lat' dir='ltr'>Sancto</span> <span class='ocrx_word' id='word_1_123' title='bbox 805 2218 1000 2281; x_wconf 88' lang='lat' dir='ltr'>Fromundo</span> <span class='ocrx_word' id='word_1_124' title='bbox 1020 2219 1053 2282; x_wconf 91' lang='lat' dir='ltr'>in</span> <span class='ocrx_word' id='word_1_125' title='bbox 1071 2219 1206 2302; x_wconf 85' lang='lat' dir='ltr'>Anglia,</span> <span class='ocrx_word' id='word_1_126' title='bbox 1221 2218 1264 2282; x_wconf 91' lang='lat' dir='ltr'>ad</span> <span class='ocrx_word' id='word_1_127' title='bbox 1284 2220 1441 2284; x_wconf 87' lang='lat' dir='ltr'>vicariam</span> <span class='ocrx_word' id='word_1_128' title='bbox 1463 2220 1602 2285; x_wconf 91' lang='lat' dir='ltr'>ecclesie</span> 
     </span>
     <span class='ocr_line' id='line_1_17' title="bbox 343 2320 1601 2405; baseline 0 -16"><span class='ocrx_word' id='word_1_129' title='bbox 343 2324 387 2389; x_wconf 95' lang='lat' dir='ltr'>de</span> <span class='ocrx_word' id='word_1_130' title='bbox 397 2320 664 2404; x_wconf 88' lang='lat' dir='ltr'>Bundeby,sacta</span> <span class='ocrx_word' id='word_1_131' title='bbox 674 2322 764 2404; x_wconf 84' lang='lat' dir='ltr'>pn&#39;us</span> <span class='ocrx_word' id='word_1_132' title='bbox 774 2321 988 2405; x_wconf 90' lang='lat' dir='ltr'>inquisitione</span> <span class='ocrx_word' id='word_1_133' title='bbox 998 2342 1057 2405; x_wconf 90' lang='lat' dir='ltr'>per</span> <span class='ocrx_word' id='word_1_134' title='bbox 1068 2322 1407 2399; x_wconf 83' lang='lat' dir='ltr'>R.,Archidiaconum</span> <span class='ocrx_word' id='word_1_135' title='bbox 1419 2324 1601 2402; x_wconf 90' lang='lat' dir='ltr'>Lincolnie‚</span> 
     </span>
     <span class='ocr_line' id='line_1_18' title="bbox 345 2424 1601 2510; baseline 0.003 -22"><span class='ocrx_word' id='word_1_136' title='bbox 345 2446 528 2510; x_wconf 90' lang='lat' dir='ltr'>perquam,</span> <span class='ocrx_word' id='word_1_137' title='bbox 543 2435 615 2502; x_wconf 81' lang='lat' dir='ltr'>etc,</span> <span class='ocrx_word' id='word_1_138' title='bbox 631 2425 673 2488; x_wconf 92' lang='lat' dir='ltr'>ad</span> <span class='ocrx_word' id='word_1_139' title='bbox 692 2424 835 2489; x_wconf 90' lang='lat' dir='ltr'>eandem</span> <span class='ocrx_word' id='word_1_140' title='bbox 858 2424 1024 2489; x_wconf 90' lang='lat' dir='ltr'>admissus</span> <span class='ocrx_word' id='word_1_141' title='bbox 1045 2436 1096 2490; x_wconf 86' lang='lat' dir='ltr'>est</span> <span class='ocrx_word' id='word_1_142' title='bbox 1115 2446 1191 2489; x_wconf 93' lang='lat' dir='ltr'>cum</span> <span class='ocrx_word' id='word_1_143' title='bbox 1210 2446 1311 2491; x_wconf 91' lang='lat' dir='ltr'>onere</span> <span class='ocrx_word' id='word_1_144' title='bbox 1330 2437 1364 2490; x_wconf 90' lang='lat' dir='ltr'>et</span> <span class='ocrx_word' id='word_1_145' title='bbox 1384 2448 1470 2510; x_wconf 91' lang='lat' dir='ltr'>pena</span> <span class='ocrx_word' id='word_1_146' title='bbox 1486 2430 1601 2493; x_wconf 92' lang='lat' dir='ltr'>vicari-</span> 
     </span>
     <span class='ocr_line' id='line_1_19' title="bbox 345 2528 1601 2610; baseline 0.002 -16"><span class='ocrx_word' id='word_1_147' title='bbox 345 2550 449 2607; x_wconf 92' lang='lat' dir='ltr'>orum,</span> <span class='ocrx_word' id='word_1_148' title='bbox 461 2539 522 2593; x_wconf 91' lang='lat' dir='ltr'>etc.</span> <span class='ocrx_word' id='word_1_149' title='bbox 562 2528 608 2593; x_wconf 90' lang='lat' dir='ltr'>Et</span> <span class='ocrx_word' id='word_1_150' title='bbox 621 2528 817 2593; x_wconf 90' lang='lat' dir='ltr'>mandatum</span> <span class='ocrx_word' id='word_1_151' title='bbox 829 2539 881 2593; x_wconf 87' lang='lat' dir='ltr'>est</span> <span class='ocrx_word' id='word_1_152' title='bbox 893 2528 1002 2593; x_wconf 88' lang='lat' dir='ltr'>eidem</span> <span class='ocrx_word' id='word_1_153' title='bbox 1014 2529 1262 2593; x_wconf 89' lang='lat' dir='ltr'>Archidiacono</span> <span class='ocrx_word' id='word_1_154' title='bbox 1274 2540 1320 2608; x_wconf 94' lang='lat' dir='ltr'>ut,</span> <span class='ocrx_word' id='word_1_155' title='bbox 1329 2540 1391 2595; x_wconf 91' lang='lat' dir='ltr'>etc.</span> <span class='ocrx_word' id='word_1_156' title='bbox 1431 2530 1601 2610; x_wconf 91' lang='lat' dir='ltr'>Consistit,</span> 
     </span>
     <span class='ocr_line' id='line_1_20' title="bbox 345 2633 1601 2716; baseline 0.002 -17"><span class='ocrx_word' id='word_1_157' title='bbox 345 2644 467 2712; x_wconf 90' lang='lat' dir='ltr'>autem,</span> <span class='ocrx_word' id='word_1_158' title='bbox 491 2634 564 2716; x_wconf 91' lang='lat' dir='ltr'>ipsa</span> <span class='ocrx_word' id='word_1_159' title='bbox 588 2634 709 2696; x_wconf 87' lang='lat' dir='ltr'>vicaria</span> <span class='ocrx_word' id='word_1_160' title='bbox 739 2634 772 2695; x_wconf 92' lang='lat' dir='ltr'>in</span> <span class='ocrx_word' id='word_1_161' title='bbox 799 2634 957 2697; x_wconf 89' lang='lat' dir='ltr'>omnibus</span> <span class='ocrx_word' id='word_1_162' title='bbox 981 2633 1238 2698; x_wconf 90' lang='lat' dir='ltr'>obventionibus</span> <span class='ocrx_word' id='word_1_163' title='bbox 1268 2634 1382 2699; x_wconf 89' lang='lat' dir='ltr'>altaris</span> <span class='ocrx_word' id='word_1_164' title='bbox 1406 2645 1441 2699; x_wconf 91' lang='lat' dir='ltr'>et</span> <span class='ocrx_word' id='word_1_165' title='bbox 1464 2637 1601 2701; x_wconf 91' lang='lat' dir='ltr'>minutis</span> 
     </span>
     <span class='ocr_line' id='line_1_21' title="bbox 345 2736 1601 2819; baseline 0.002 -17"><span class='ocrx_word' id='word_1_166' title='bbox 345 2739 484 2802; x_wconf 91' lang='lat' dir='ltr'>decimis</span> <span class='ocrx_word' id='word_1_167' title='bbox 507 2748 542 2802; x_wconf 87' lang='lat' dir='ltr'>et</span> <span class='ocrx_word' id='word_1_168' title='bbox 565 2736 704 2801; x_wconf 91' lang='lat' dir='ltr'>decimis</span> <span class='ocrx_word' id='word_1_169' title='bbox 729 2746 861 2801; x_wconf 90' lang='lat' dir='ltr'>tantum</span> <span class='ocrx_word' id='word_1_170' title='bbox 892 2737 1070 2819; x_wconf 85' lang='lat' dir='ltr'>garbarum</span> <span class='ocrx_word' id='word_1_171' title='bbox 1095 2736 1139 2801; x_wconf 94' lang='lat' dir='ltr'>de</span> <span class='ocrx_word' id='word_1_172' title='bbox 1165 2737 1280 2801; x_wconf 82' lang='lat' dir='ltr'>crustis</span> <span class='ocrx_word' id='word_1_173' title='bbox 1311 2738 1396 2802; x_wconf 81' lang='lat' dir='ltr'>infra</span> <span class='ocrx_word' id='word_1_174' title='bbox 1420 2740 1533 2804; x_wconf 90' lang='lat' dir='ltr'>villam</span> <span class='ocrx_word' id='word_1_175' title='bbox 1558 2741 1601 2805; x_wconf 92' lang='lat' dir='ltr'>de</span> 
     </span>
    </p>

    <p class='ocr_par' dir='ltr' id='par_1_12' title="bbox 347 2840 1078 2924">
     <span class='ocr_line' id='line_1_22' title="bbox 347 2840 1078 2924; baseline 0 -18"><span class='ocrx_word' id='word_1_176' title='bbox 347 2841 520 2924; x_wconf 91' lang='lat' dir='ltr'>Bondeby,</span> <span class='ocrx_word' id='word_1_177' title='bbox 535 2851 570 2905; x_wconf 89' lang='lat' dir='ltr'>et</span> <span class='ocrx_word' id='word_1_178' title='bbox 584 2840 674 2915; x_wconf 84' lang='lat' dir='ltr'>valet</span> <span class='ocrx_word' id='word_1_179' title='bbox 689 2841 733 2923; x_wconf 88' lang='lat' dir='ltr'>vij</span> <span class='ocrx_word' id='word_1_180' title='bbox 751 2862 879 2905; x_wconf 89' lang='lat' dir='ltr'>marcas</span> <span class='ocrx_word' id='word_1_181' title='bbox 896 2842 1078 2906; x_wconf 87' lang='lat' dir='ltr'>annuatim.</span> 
     </span>
    </p>
   </div>
   <div class='ocr_carea' id='block_1_3' title="bbox 344 2982 1603 3135">
    <p class='ocr_par' dir='ltr' id='par_1_13' title="bbox 344 2982 1603 3135">
     <span class='ocr_line' id='line_1_23' title="bbox 344 2982 1603 3052; baseline 0 -14"><span class='ocrx_word' id='word_1_182' title='bbox 344 2984 473 3049; x_wconf 81' lang='lat' dir='ltr'>[Wliam</span> <span class='ocrx_word' id='word_1_183' title='bbox 483 2984 518 3038; x_wconf 75' lang='lat' dir='ltr'>de</span> <span class='ocrx_word' id='word_1_184' title='bbox 527 2984 673 3052; x_wconf 58' lang='lat' dir='ltr'>Bauium,</span> <span class='ocrx_word' id='word_1_185' title='bbox 685 2984 823 3052; x_wconf 76' lang='lat' dir='ltr'>chaplain,</span> <span class='ocrx_word' id='word_1_186' title='bbox 830 2984 981 3051; x_wconf 74' lang='lat' dir='ltr'>presented</span> <span class='ocrx_word' id='word_1_187' title='bbox 989 2983 1022 3052; x_wconf 83' lang='lat' dir='ltr'>by</span> <span class='ocrx_word' id='word_1_188' title='bbox 1033 2984 1078 3036; x_wconf 81' lang='lat' dir='ltr'>tire</span> <span class='ocrx_word' id='word_1_189' title='bbox 1088 2982 1179 3037; x_wconf 69' lang='lat' dir='ltr'>Arbor</span> <span class='ocrx_word' id='word_1_190' title='bbox 1187 2984 1248 3038; x_wconf 87' lang='lat' dir='ltr'>and</span> <span class='ocrx_word' id='word_1_191' title='bbox 1264 2984 1389 3038; x_wconf 84' lang='lat' dir='ltr'>Convent</span> <span class='ocrx_word' id='word_1_192' title='bbox 1402 2986 1438 3052; x_wconf 85' lang='lat' dir='ltr'>of</span> <span class='ocrx_word' id='word_1_193' title='bbox 1443 2985 1563 3049; x_wconf 82' lang='lat' dir='ltr'>Bourne,</span> <span class='ocrx_word' id='word_1_194' title='bbox 1577 2987 1603 3038; x_wconf 81' lang='lat' dir='ltr'>ir</span> 
     </span>
     <span class='ocr_line' id='line_1_24' title="bbox 409 3065 1252 3135; baseline -0.001 -16"><span class='ocrx_word' id='word_1_195' title='bbox 409 3066 553 3120; x_wconf 81' lang='lat' dir='ltr'>instituted</span> <span class='ocrx_word' id='word_1_196' title='bbox 561 3068 642 3119; x_wconf 80' lang='lat' dir='ltr'>vicar</span> <span class='ocrx_word' id='word_1_197' title='bbox 649 3067 685 3135; x_wconf 86' lang='lat' dir='ltr'>of</span> <span class='ocrx_word' id='word_1_198' title='bbox 690 3066 811 3119; x_wconf 72' lang='lat' dir='ltr'>Marion.</span> <span class='ocrx_word' id='word_1_199' title='bbox 849 3066 907 3119; x_wconf 83' lang='lat' dir='ltr'>Tite</span> <span class='ocrx_word' id='word_1_200' title='bbox 917 3068 1048 3134; x_wconf 69' lang='lat' dir='ltr'>vreamge</span> <span class='ocrx_word' id='word_1_201' title='bbox 1058 3068 1084 3119; x_wconf 77' lang='lat' dir='ltr'>ir</span> <span class='ocrx_word' id='word_1_202' title='bbox 1094 3065 1252 3133; x_wconf 76' lang='lat' dir='ltr'>described]</span> 
     </span>
    </p>
   </div>
   <div class='ocr_carea' id='block_1_4' title="bbox 431 3168 1602 3253">
    <p class='ocr_par' dir='ltr' id='par_1_14' title="bbox 431 3168 1602 3253">
     <span class='ocr_line' id='line_1_25' title="bbox 431 3168 1602 3253; baseline -0.002 -20"><span class='ocrx_word' id='word_1_203' title='bbox 431 3168 639 3253; x_wconf 82' lang='lat' dir='ltr'>[MORTON&#39;]</span> <span class='ocrx_word' id='word_1_204' title='bbox 668 3168 1089 3233; x_wconf 60' lang='lat' dir='ltr'>valant-willelmus</span> <span class='ocrx_word' id='word_1_205' title='bbox 1119 3168 1162 3232; x_wconf 92' lang='lat' dir='ltr'>de</span> <span class='ocrx_word' id='word_1_206' title='bbox 1193 3168 1369 3251; x_wconf 86' lang='lat' dir='ltr'>Banburg’,</span> <span class='ocrx_word' id='word_1_207' title='bbox 1399 3168 1602 3251; x_wconf 88' lang='lat' dir='ltr'>capellanus,</span> 
     </span>
    </p>
   </div>
   <div class='ocr_carea' id='block_1_5' title="bbox 218 3271 1600 3357">
    <p class='ocr_par' dir='ltr' id='par_1_15' title="bbox 218 3271 1600 3357">
     <span class='ocr_line' id='line_1_26' title="bbox 218 3271 1600 3357; baseline -0.001 -21"><span class='ocrx_word' id='word_1_208' title='bbox 218 3288 226 3307; x_wconf 86' lang='lat'><strong>·</strong></span> <span class='ocrx_word' id='word_1_209' title='bbox 345 3283 554 3357; x_wconf 90' lang='lat' dir='ltr'>presentatus</span> <span class='ocrx_word' id='word_1_210' title='bbox 577 3294 636 3357; x_wconf 88' lang='lat' dir='ltr'>per</span> <span class='ocrx_word' id='word_1_211' title='bbox 654 3272 825 3337; x_wconf 90' lang='lat' dir='ltr'>Abbatem</span> <span class='ocrx_word' id='word_1_212' title='bbox 848 3282 882 3337; x_wconf 91' lang='lat' dir='ltr'>et</span> <span class='ocrx_word' id='word_1_213' title='bbox 905 3282 1107 3337; x_wconf 89' lang='lat' dir='ltr'>conventum</span> <span class='ocrx_word' id='word_1_214' title='bbox 1127 3271 1170 3337; x_wconf 92' lang='lat' dir='ltr'>de</span> <span class='ocrx_word' id='word_1_215' title='bbox 1195 3271 1318 3335; x_wconf 93' lang='lat' dir='ltr'>Brunn’</span> <span class='ocrx_word' id='word_1_216' title='bbox 1334 3271 1377 3335; x_wconf 95' lang='lat' dir='ltr'>ad</span> <span class='ocrx_word' id='word_1_217' title='bbox 1402 3283 1600 3355; x_wconf 88' lang='lat' dir='ltr'>perpetuam</span> 
     </span>
    </p>
   </div>
   <div class='ocr_carea' id='block_1_6' title="bbox 280 3376 1602 4913">
    <p class='ocr_par' dir='ltr' id='par_1_16' title="bbox 280 3376 1602 4913">
     <span class='ocr_line' id='line_1_27' title="bbox 345 3376 1602 3458; baseline -0.003 -16"><span class='ocrx_word' id='word_1_218' title='bbox 345 3378 500 3442; x_wconf 90' lang='lat' dir='ltr'>vicariam</span> <span class='ocrx_word' id='word_1_219' title='bbox 537 3376 676 3441; x_wconf 88' lang='lat' dir='ltr'>ecclesie</span> <span class='ocrx_word' id='word_1_220' title='bbox 705 3376 748 3440; x_wconf 90' lang='lat' dir='ltr'>de</span> <span class='ocrx_word' id='word_1_221' title='bbox 788 3376 941 3453; x_wconf 84' lang='lat' dir='ltr'>Morton&#39;‚</span> <span class='ocrx_word' id='word_1_222' title='bbox 972 3377 1059 3440; x_wconf 87' lang='lat' dir='ltr'>sacta</span> <span class='ocrx_word' id='word_1_223' title='bbox 1097 3376 1187 3458; x_wconf 90' lang='lat' dir='ltr'>prius</span> <span class='ocrx_word' id='word_1_224' title='bbox 1218 3376 1432 3457; x_wconf 89' lang='lat' dir='ltr'>inquisitione</span> <span class='ocrx_word' id='word_1_225' title='bbox 1462 3395 1521 3457; x_wconf 92' lang='lat' dir='ltr'>per</span> <span class='ocrx_word' id='word_1_226' title='bbox 1552 3376 1602 3453; x_wconf 69' lang='lat' dir='ltr'>lt,</span> 
     </span>
     <span class='ocr_line' id='line_1_28' title="bbox 280 3478 1600 3563; baseline -0.001 -20"><span class='ocrx_word' id='word_1_227' title='bbox 280 3485 282 3488; x_wconf 81' lang='grc'><strong>’</strong></span> <span class='ocrx_word' id='word_1_228' title='bbox 347 3479 628 3545; x_wconf 88' lang='lat' dir='ltr'>Archidiaconum</span> <span class='ocrx_word' id='word_1_229' title='bbox 661 3479 842 3557; x_wconf 86' lang='lat' dir='ltr'>Lincolnie‚</span> <span class='ocrx_word' id='word_1_230' title='bbox 869 3500 1063 3563; x_wconf 89' lang='lat' dir='ltr'>perquam,</span> <span class='ocrx_word' id='word_1_231' title='bbox 1093 3490 1163 3557; x_wconf 78' lang='lat' dir='ltr'>etc,</span> <span class='ocrx_word' id='word_1_232' title='bbox 1193 3479 1236 3543; x_wconf 92' lang='lat' dir='ltr'>ad</span> <span class='ocrx_word' id='word_1_233' title='bbox 1267 3478 1410 3543; x_wconf 88' lang='lat' dir='ltr'>eandem</span> <span class='ocrx_word' id='word_1_234' title='bbox 1441 3480 1600 3544; x_wconf 90' lang='lat' dir='ltr'>vicariam</span> 
     </span>
     <span class='ocr_line' id='line_1_29' title="bbox 344 3580 1597 3667; baseline -0.002 -19"><span class='ocrx_word' id='word_1_235' title='bbox 344 3584 509 3648; x_wconf 91' lang='lat' dir='ltr'>admissus</span> <span class='ocrx_word' id='word_1_236' title='bbox 531 3594 582 3649; x_wconf 91' lang='lat' dir='ltr'>est</span> <span class='ocrx_word' id='word_1_237' title='bbox 604 3604 681 3647; x_wconf 93' lang='lat' dir='ltr'>cum</span> <span class='ocrx_word' id='word_1_238' title='bbox 703 3604 804 3647; x_wconf 91' lang='lat' dir='ltr'>onere</span> <span class='ocrx_word' id='word_1_239' title='bbox 826 3593 860 3648; x_wconf 92' lang='lat' dir='ltr'>et</span> <span class='ocrx_word' id='word_1_240' title='bbox 883 3604 971 3667; x_wconf 88' lang='lat' dir='ltr'>pena</span> <span class='ocrx_word' id='word_1_241' title='bbox 993 3584 1199 3660; x_wconf 87' lang='lat' dir='ltr'>vicariorum,</span> <span class='ocrx_word' id='word_1_242' title='bbox 1222 3592 1283 3647; x_wconf 89' lang='lat' dir='ltr'>etc.</span> <span class='ocrx_word' id='word_1_243' title='bbox 1330 3583 1376 3646; x_wconf 90' lang='lat' dir='ltr'>Et</span> <span class='ocrx_word' id='word_1_244' title='bbox 1399 3580 1597 3646; x_wconf 90' lang='lat' dir='ltr'>mandatum</span> 
     </span>
     <span class='ocr_line' id='line_1_30' title="bbox 344 3686 1600 3771; baseline -0.002 -20"><span class='ocrx_word' id='word_1_245' title='bbox 344 3697 395 3751; x_wconf 89' lang='lat' dir='ltr'>est</span> <span class='ocrx_word' id='word_1_246' title='bbox 425 3687 516 3751; x_wconf 88' lang='lat' dir='ltr'>dicto</span> <span class='ocrx_word' id='word_1_247' title='bbox 538 3687 785 3751; x_wconf 87' lang='lat' dir='ltr'>Archidiacono</span> <span class='ocrx_word' id='word_1_248' title='bbox 810 3697 855 3765; x_wconf 93' lang='lat' dir='ltr'>ut,</span> <span class='ocrx_word' id='word_1_249' title='bbox 878 3697 940 3751; x_wconf 91' lang='lat' dir='ltr'>etc.</span> <span class='ocrx_word' id='word_1_250' title='bbox 986 3686 1157 3764; x_wconf 88' lang='lat' dir='ltr'>Consistit,</span> <span class='ocrx_word' id='word_1_251' title='bbox 1181 3698 1303 3762; x_wconf 90' lang='lat' dir='ltr'>autem,</span> <span class='ocrx_word' id='word_1_252' title='bbox 1322 3687 1395 3771; x_wconf 90' lang='lat' dir='ltr'>ipsa</span> <span class='ocrx_word' id='word_1_253' title='bbox 1419 3686 1541 3750; x_wconf 90' lang='lat' dir='ltr'>vicaria</span> <span class='ocrx_word' id='word_1_254' title='bbox 1566 3688 1600 3749; x_wconf 93' lang='lat' dir='ltr'>in</span> 
     </span>
     <span class='ocr_line' id='line_1_31' title="bbox 344 3790 1601 3873; baseline -0.002 -18"><span class='ocrx_word' id='word_1_255' title='bbox 344 3802 417 3855; x_wconf 89' lang='lat' dir='ltr'>toto</span> <span class='ocrx_word' id='word_1_256' title='bbox 432 3791 601 3873; x_wconf 82' lang='lat' dir='ltr'>alteragio,</span> <span class='ocrx_word' id='word_1_257' title='bbox 612 3800 646 3855; x_wconf 91' lang='lat' dir='ltr'>et</span> <span class='ocrx_word' id='word_1_258' title='bbox 662 3791 694 3853; x_wconf 92' lang='lat' dir='ltr'>in</span> <span class='ocrx_word' id='word_1_259' title='bbox 711 3791 866 3854; x_wconf 92' lang='lat' dir='ltr'>omnibus</span> <span class='ocrx_word' id='word_1_260' title='bbox 881 3791 1138 3856; x_wconf 85' lang='lat' dir='ltr'>obventionibus</span> <span class='ocrx_word' id='word_1_261' title='bbox 1154 3791 1267 3855; x_wconf 89' lang='lat' dir='ltr'>altaris</span> <span class='ocrx_word' id='word_1_262' title='bbox 1282 3800 1316 3855; x_wconf 91' lang='lat' dir='ltr'>et</span> <span class='ocrx_word' id='word_1_263' title='bbox 1331 3790 1478 3867; x_wconf 89' lang='lat' dir='ltr'>decimis,</span> <span class='ocrx_word' id='word_1_264' title='bbox 1491 3801 1601 3873; x_wconf 89' lang='lat' dir='ltr'>preter</span> 
     </span>
     <span class='ocr_line' id='line_1_32' title="bbox 344 3894 1599 3979; baseline -0.001 -20"><span class='ocrx_word' id='word_1_265' title='bbox 344 3896 491 3961; x_wconf 89' lang='lat' dir='ltr'>decimas</span> <span class='ocrx_word' id='word_1_266' title='bbox 520 3894 697 3977; x_wconf 86' lang='lat' dir='ltr'>garbarum</span> <span class='ocrx_word' id='word_1_267' title='bbox 728 3904 762 3959; x_wconf 89' lang='lat' dir='ltr'>et</span> <span class='ocrx_word' id='word_1_268' title='bbox 792 3895 868 3972; x_wconf 88' lang='lat' dir='ltr'>seni,</span> <span class='ocrx_word' id='word_1_269' title='bbox 894 3905 929 3960; x_wconf 88' lang='lat' dir='ltr'>et</span> <span class='ocrx_word' id='word_1_270' title='bbox 963 3905 1071 3979; x_wconf 88' lang='lat' dir='ltr'>preter</span> <span class='ocrx_word' id='word_1_271' title='bbox 1101 3905 1222 3960; x_wconf 88' lang='lat' dir='ltr'>terram</span> <span class='ocrx_word' id='word_1_272' title='bbox 1253 3895 1391 3959; x_wconf 91' lang='lat' dir='ltr'>ecclesie</span> <span class='ocrx_word' id='word_1_273' title='bbox 1421 3914 1485 3977; x_wconf 93' lang='lat' dir='ltr'>que</span> <span class='ocrx_word' id='word_1_274' title='bbox 1519 3894 1599 3958; x_wconf 90' lang='lat' dir='ltr'>dicti</span> 
     </span>
     <span class='ocr_line' id='line_1_33' title="bbox 344 3998 1599 4083; baseline 0 -20"><span class='ocrx_word' id='word_1_275' title='bbox 344 4000 494 4063; x_wconf 90' lang='lat' dir='ltr'>canonici</span> <span class='ocrx_word' id='word_1_276' title='bbox 517 3998 643 4062; x_wconf 89' lang='lat' dir='ltr'>habent</span> <span class='ocrx_word' id='word_1_277' title='bbox 665 4000 699 4061; x_wconf 89' lang='lat' dir='ltr'>in</span> <span class='ocrx_word' id='word_1_278' title='bbox 722 4000 873 4082; x_wconf 89' lang='lat' dir='ltr'>proprios</span> <span class='ocrx_word' id='word_1_279' title='bbox 890 4020 976 4076; x_wconf 90' lang='lat' dir='ltr'>usus,</span> <span class='ocrx_word' id='word_1_280' title='bbox 992 4008 1026 4063; x_wconf 92' lang='lat' dir='ltr'>et</span> <span class='ocrx_word' id='word_1_281' title='bbox 1049 4009 1159 4083; x_wconf 90' lang='lat' dir='ltr'>preter</span> <span class='ocrx_word' id='word_1_282' title='bbox 1174 4021 1250 4061; x_wconf 87' lang='lat' dir='ltr'>xxx</span> <span class='ocrx_word' id='word_1_283' title='bbox 1274 3998 1398 4062; x_wconf 90' lang='lat' dir='ltr'>solidos</span> <span class='ocrx_word' id='word_1_284' title='bbox 1418 4018 1503 4081; x_wconf 91' lang='lat' dir='ltr'>quos</span> <span class='ocrx_word' id='word_1_285' title='bbox 1527 4020 1599 4081; x_wconf 89' lang='lat' dir='ltr'>pre·</span> 
     </span>
     <span class='ocr_line' id='line_1_34' title="bbox 344 4101 1599 4187; baseline -0.001 -21"><span class='ocrx_word' id='word_1_286' title='bbox 344 4103 424 4167; x_wconf 91' lang='lat' dir='ltr'>dicti</span> <span class='ocrx_word' id='word_1_287' title='bbox 439 4103 590 4166; x_wconf 92' lang='lat' dir='ltr'>canonici</span> <span class='ocrx_word' id='word_1_288' title='bbox 607 4101 744 4186; x_wconf 85' lang='lat' dir='ltr'>singulis</span> <span class='ocrx_word' id='word_1_289' title='bbox 764 4103 860 4167; x_wconf 87' lang='lat' dir='ltr'>annis</span> <span class='ocrx_word' id='word_1_290' title='bbox 881 4101 1068 4187; x_wconf 90' lang='lat' dir='ltr'>percipiunt</span> <span class='ocrx_word' id='word_1_291' title='bbox 1084 4102 1127 4167; x_wconf 92' lang='lat' dir='ltr'>de</span> <span class='ocrx_word' id='word_1_292' title='bbox 1148 4103 1296 4185; x_wconf 89' lang='lat' dir='ltr'>predicta</span> <span class='ocrx_word' id='word_1_293' title='bbox 1311 4103 1434 4167; x_wconf 93' lang='lat' dir='ltr'>vicaria</span> <span class='ocrx_word' id='word_1_294' title='bbox 1454 4103 1497 4166; x_wconf 93' lang='lat' dir='ltr'>ad</span> <span class='ocrx_word' id='word_1_295' title='bbox 1514 4102 1599 4166; x_wconf 90' lang='lat' dir='ltr'>duos</span> 
     </span>
     <span class='ocr_line' id='line_1_35' title="bbox 343 4206 1597 4285; baseline -0.002 -13"><span class='ocrx_word' id='word_1_296' title='bbox 343 4208 512 4283; x_wconf 91' lang='lat' dir='ltr'>terminos,</span> <span class='ocrx_word' id='word_1_297' title='bbox 531 4206 665 4285; x_wconf 89' lang='lat' dir='ltr'>scilicet,</span> <span class='ocrx_word' id='word_1_298' title='bbox 684 4206 727 4269; x_wconf 90' lang='lat' dir='ltr'>ad</span> <span class='ocrx_word' id='word_1_299' title='bbox 749 4208 970 4271; x_wconf 87' lang='lat' dir='ltr'>Pentecosten</span> <span class='ocrx_word' id='word_1_300' title='bbox 990 4228 1037 4270; x_wconf 91' lang='lat' dir='ltr'>xv</span> <span class='ocrx_word' id='word_1_301' title='bbox 1057 4206 1181 4271; x_wconf 88' lang='lat' dir='ltr'>solidos</span> <span class='ocrx_word' id='word_1_302' title='bbox 1205 4216 1239 4269; x_wconf 91' lang='lat' dir='ltr'>et</span> <span class='ocrx_word' id='word_1_303' title='bbox 1264 4206 1306 4269; x_wconf 95' lang='lat' dir='ltr'>ad</span> <span class='ocrx_word' id='word_1_304' title='bbox 1334 4206 1455 4271; x_wconf 84' lang='lat' dir='ltr'>festum</span> <span class='ocrx_word' id='word_1_305' title='bbox 1482 4206 1597 4273; x_wconf 88' lang='lat' dir='ltr'>Sancti</span> 
     </span>
     <span class='ocr_line' id='line_1_36' title="bbox 345 4309 1597 4392; baseline -0.002 -17"><span class='ocrx_word' id='word_1_306' title='bbox 345 4311 481 4375; x_wconf 84' lang='lat' dir='ltr'>Martini</span> <span class='ocrx_word' id='word_1_307' title='bbox 512 4332 559 4373; x_wconf 94' lang='lat' dir='ltr'>xv</span> <span class='ocrx_word' id='word_1_308' title='bbox 583 4310 728 4389; x_wconf 90' lang='lat' dir='ltr'>solidos;</span> <span class='ocrx_word' id='word_1_309' title='bbox 758 4321 792 4374; x_wconf 91' lang='lat' dir='ltr'>et</span> <span class='ocrx_word' id='word_1_310' title='bbox 822 4309 998 4375; x_wconf 89' lang='lat' dir='ltr'>sustinebit</span> <span class='ocrx_word' id='word_1_311' title='bbox 1026 4309 1166 4374; x_wconf 91' lang='lat' dir='ltr'>vicarius</span> <span class='ocrx_word' id='word_1_312' title='bbox 1193 4310 1307 4374; x_wconf 91' lang='lat' dir='ltr'>omnia</span> <span class='ocrx_word' id='word_1_313' title='bbox 1333 4330 1434 4373; x_wconf 86' lang='lat' dir='ltr'>onera</span> <span class='ocrx_word' id='word_1_314' title='bbox 1459 4330 1528 4392; x_wconf 91' lang='lat' dir='ltr'>quo</span> <span class='ocrx_word' id='word_1_315' title='bbox 1555 4309 1597 4373; x_wconf 91' lang='lat' dir='ltr'>ad</span> 
     </span>
     <span class='ocr_line' id='line_1_37' title="bbox 343 4413 1597 4492; baseline -0.002 -14"><span class='ocrx_word' id='word_1_316' title='bbox 343 4415 513 4479; x_wconf 90' lang='lat' dir='ltr'>servitium</span> <span class='ocrx_word' id='word_1_317' title='bbox 536 4413 625 4478; x_wconf 89' lang='lat' dir='ltr'>dicte</span> <span class='ocrx_word' id='word_1_318' title='bbox 647 4414 793 4492; x_wconf 87' lang='lat' dir='ltr'>ecclesie,</span> <span class='ocrx_word' id='word_1_319' title='bbox 808 4425 843 4478; x_wconf 88' lang='lat' dir='ltr'>et</span> <span class='ocrx_word' id='word_1_320' title='bbox 865 4414 973 4478; x_wconf 89' lang='lat' dir='ltr'>solvet</span> <span class='ocrx_word' id='word_1_321' title='bbox 995 4413 1168 4477; x_wconf 87' lang='lat' dir='ltr'>sinodalia</span> <span class='ocrx_word' id='word_1_322' title='bbox 1216 4413 1341 4491; x_wconf 89' lang='lat' dir='ltr'>Abbas,</span> <span class='ocrx_word' id='word_1_323' title='bbox 1356 4434 1443 4491; x_wconf 91' lang='lat' dir='ltr'>vero,</span> <span class='ocrx_word' id='word_1_324' title='bbox 1462 4423 1496 4477; x_wconf 94' lang='lat' dir='ltr'>et</span> <span class='ocrx_word' id='word_1_325' title='bbox 1519 4433 1597 4477; x_wconf 92' lang='lat' dir='ltr'>con-</span> 
     </span>
     <span class='ocr_line' id='line_1_38' title="bbox 343 4516 1597 4600; baseline -0.002 -18"><span class='ocrx_word' id='word_1_326' title='bbox 343 4528 462 4583; x_wconf 91' lang='lat' dir='ltr'>ventus</span> <span class='ocrx_word' id='word_1_327' title='bbox 482 4518 652 4582; x_wconf 90' lang='lat' dir='ltr'>invenient</span> <span class='ocrx_word' id='word_1_328' title='bbox 674 4527 922 4600; x_wconf 88' lang='lat' dir='ltr'>procuratorem</span> <span class='ocrx_word' id='word_1_329' title='bbox 947 4517 1193 4594; x_wconf 90' lang='lat' dir='ltr'>Archidiaconi,</span> <span class='ocrx_word' id='word_1_330' title='bbox 1208 4526 1242 4580; x_wconf 92' lang='lat' dir='ltr'>et</span> <span class='ocrx_word' id='word_1_331' title='bbox 1261 4516 1472 4581; x_wconf 87' lang='lat' dir='ltr'>sustinebunt</span> <span class='ocrx_word' id='word_1_332' title='bbox 1496 4538 1597 4581; x_wconf 91' lang='lat' dir='ltr'>onera</span> 
     </span>
     <span class='ocr_line' id='line_1_39' title="bbox 343 4620 1597 4697; baseline -0.002 -11"><span class='ocrx_word' id='word_1_333' title='bbox 343 4622 529 4686; x_wconf 88' lang='lat' dir='ltr'>resectionis</span> <span class='ocrx_word' id='word_1_334' title='bbox 566 4622 703 4685; x_wconf 90' lang='lat' dir='ltr'>cancelli</span> <span class='ocrx_word' id='word_1_335' title='bbox 741 4631 775 4685; x_wconf 92' lang='lat' dir='ltr'>et</span> <span class='ocrx_word' id='word_1_336' title='bbox 813 4621 971 4684; x_wconf 91' lang='lat' dir='ltr'>librorum</span> <span class='ocrx_word' id='word_1_337' title='bbox 1008 4631 1043 4684; x_wconf 89' lang='lat' dir='ltr'>et</span> <span class='ocrx_word' id='word_1_338' title='bbox 1074 4621 1348 4684; x_wconf 87' lang='lat' dir='ltr'>vestimentorum</span> <span class='ocrx_word' id='word_1_339' title='bbox 1386 4620 1534 4697; x_wconf 91' lang='lat' dir='ltr'>ecclesie,</span> <span class='ocrx_word' id='word_1_340' title='bbox 1563 4630 1597 4684; x_wconf 88' lang='lat' dir='ltr'>et</span> 
     </span>
     <span class='ocr_line' id='line_1_40' title="bbox 343 4723 1597 4808; baseline -0.002 -19"><span class='ocrx_word' id='word_1_341' title='bbox 343 4726 512 4789; x_wconf 88' lang='lat' dir='ltr'>invenient</span> <span class='ocrx_word' id='word_1_342' title='bbox 550 4746 703 4790; x_wconf 88' lang='lat' dir='ltr'>mansum</span> <span class='ocrx_word' id='word_1_343' title='bbox 741 4725 864 4789; x_wconf 90' lang='lat' dir='ltr'>vicario</span> <span class='ocrx_word' id='word_1_344' title='bbox 901 4735 1148 4808; x_wconf 91' lang='lat' dir='ltr'>competentem</span> <span class='ocrx_word' id='word_1_345' title='bbox 1180 4723 1264 4787; x_wconf 84' lang='lat' dir='ltr'>infra</span> <span class='ocrx_word' id='word_1_346' title='bbox 1303 4724 1437 4788; x_wconf 87' lang='lat' dir='ltr'>Pascha.</span> <span class='ocrx_word' id='word_1_347' title='bbox 1488 4725 1597 4800; x_wconf 90' lang='lat' dir='ltr'>Valet,</span> 
     </span>
     <span class='ocr_line' id='line_1_41' title="bbox 342 4829 1149 4913; baseline -0.001 -20"><span class='ocrx_word' id='word_1_348' title='bbox 342 4840 464 4907; x_wconf 90' lang='lat' dir='ltr'>autem,</span> <span class='ocrx_word' id='word_1_349' title='bbox 489 4829 561 4912; x_wconf 89' lang='lat' dir='ltr'>ipsa</span> <span class='ocrx_word' id='word_1_350' title='bbox 585 4830 706 4894; x_wconf 91' lang='lat' dir='ltr'>vicaria</span> <span class='ocrx_word' id='word_1_351' title='bbox 731 4850 939 4913; x_wconf 90' lang='lat' dir='ltr'>perannum</span> <span class='ocrx_word' id='word_1_352' title='bbox 965 4851 985 4892; x_wconf 95' lang='lat' dir='ltr'>v</span> <span class='ocrx_word' id='word_1_353' title='bbox 1012 4850 1149 4893; x_wconf 89' lang='lat' dir='ltr'>marcas.</span> 
     </span>
    </p>
   </div>
   <div class='ocr_carea' id='block_1_7' title="bbox 636 4990 1304 5063">
    <p class='ocr_par' dir='ltr' id='par_1_17' title="bbox 636 4990 1304 5063">
     <span class='ocr_line' id='line_1_42' title="bbox 636 4990 1304 5063; baseline -0.001 -18"><span class='ocrx_word' id='word_1_354' title='bbox 636 4991 643 5021; x_wconf 83' lang='lat'>¹</span> <span class='ocrx_word' id='word_1_355' title='bbox 657 4990 719 5045; x_wconf 85' lang='lat' dir='ltr'>The</span> <span class='ocrx_word' id='word_1_356' title='bbox 731 4992 800 5046; x_wconf 86' lang='lat' dir='ltr'>later</span> <span class='ocrx_word' id='word_1_357' title='bbox 811 4991 885 5047; x_wconf 86' lang='lat' dir='ltr'>hand</span> <span class='ocrx_word' id='word_1_358' title='bbox 898 4990 949 5047; x_wconf 80' lang='lat' dir='ltr'>has</span> <span class='ocrx_word' id='word_1_359' title='bbox 960 4990 1053 5048; x_wconf 84' lang='lat' dir='ltr'>added</span> <span class='ocrx_word' id='word_1_360' title='bbox 1066 4990 1171 5063; x_wconf 84' lang='lat' dir='ltr'>“portio</span> <span class='ocrx_word' id='word_1_361' title='bbox 1183 4990 1304 5045; x_wconf 88' lang='lat' dir='ltr'>vicarie”.</span> 
     </span>
    </p>
   </div>
   <div class='ocr_carea' id='block_1_8' title="bbox 0 0 1780 5692">
    <p class='ocr_par' dir='ltr' id='par_1_18' title="bbox 0 0 1780 5692">
     <span class='ocr_line' id='line_1_43' title="bbox 0 0 1780 5692; baseline 0 0"><span class='ocrx_word' id='word_1_362' title='bbox 0 0 1780 5692; x_wconf 95' lang='lat' dir='ltr'> </span> 
     </span>
    </p>
   </div>
  </div>
 </body>
</html>
