3550 5692
586 598 762 708 Epzscopi
781 596 1064 686 lincolniensis.
1381 599 1424 687 18
1428 638 1449 707 3

195 848 303 911 forma
319 849 513 932 subscripta,
529 852 615 913 sicut
635 850 724 914 idem
743 851 861 914 Abbas
881 872 940 934 per
959 852 1085 915 litteras
1107 872 1183 915 suas
1199 861 1351 933 patentes
1367 853 1448 916 inle-

195 952 261 1014 rius
292 954 432 1036 scriptas
461 955 659 1018 testificatus
689 965 748 1019 est.
810 954 877 1037 Qui
907 955 1043 1037 quidem
1074 954 1233 1037 quoniam
1264 956 1297 1019 in
1332 956 1448 1020 litteris

194 1055 334 1143 predicti
365 1057 506 1122 Comitis
536 1058 579 1123 de
608 1060 771 1124 electione
800 1059 972 1141 Johannis,
1004 1059 1124 1121 Prioris
1154 1058 1197 1122 de
1228 1058 1389 1142 Kirkeby,
1414 1060 1448 1122 in

195 1161 339 1241 priorem
356 1160 529 1244 Spalding'
546 1161 647 1225 fiebat
663 1164 798 1239 mentia,
815 1163 992 1244 requisitus
1007 1183 1050 1224 an
1067 1162 1192 1227 litteras
1208 1173 1391 1227 conventus
1406 1162 1449 1226 de

195 1264 368 1346 Spalding
389 1264 526 1328 haberet
541 1265 713 1329 decorum
729 1266 898 1355 electione·
908 1265 959 1329 vel
979 1286 1152 1343 consensu,
1171 1265 1342 1348 respondit
1357 1266 1447 1348 quod

83 1426 85 1434 .
194 1387 282 1444 non;
304 1368 410 1431 immo
424 1368 515 1450 quod
536 1390 592 1431 eas
613 1369 656 1431 ad
672 1369 760 1433 diem
781 1379 815 1433 et
831 1370 942 1433 locum
959 1369 1021 1432 sibi
1041 1369 1251 1452 prefigendos
1266 1370 1449 1446 exhiberet,

193 1471 343 1553 prefixus
366 1482 418 1535 est
440 1473 470 1535 ei
493 1472 565 1536 dies
588 1472 631 1535 ad
655 1473 697 1550 id,
720 1473 801 1550 dies,
824 1474 958 1549 scilicet,
990 1473 1189 1538 Sanctamm
1222 1474 1385 1555 Perpetue
1414 1484 1449 1537 et

194 1574 378 1639 Felicitatis
393 1576 483 1659 apud
501 1577 642 1639 Parcum
665 1577 796 1655 Stowe;
814 1576 966 1639 custodia
982 1576 1121 1658 predicti
1138 1577 1301 1658 prioratus
1317 1577 1448 1640 interim

194 1678 344 1762 predicto
364 1680 468 1743 Priori
488 1679 531 1743 de
556 1680 709 1763 Kirkeby
731 1680 775 1744 de
797 1681 905 1763 gratia
927 1679 1055 1743 domini
1080 1680 1238 1762 Episcopi
1262 1681 1448 1743 commissa

193 1783 326 1866 Quibus
340 1783 395 1847 die
410 1794 445 1847 et
460 1784 533 1847 loco
550 1793 806 1867 comparuerunt
821 1784 902 1847 dicti
920 1783 1037 1847 Abbas
1049 1793 1083 1847 et
1100 1784 1193 1847 Prior
1206 1804 1251 1847 ex
1264 1804 1331 1847 una
1346 1793 1449 1866 parte,

192 1895 226 1949 et
242 1885 412 1951 Galsridus
428 1886 471 1951 de
490 1887 522 1950 la
538 1887 689 1964 Gravele,
705 1888 867 1970 Supprior
883 1886 1067 1970 Spalding’,
1081 1896 1116 1949 et
1131 1907 1207 1949 cum
1223 1907 1264 1950 eo
1278 1886 1449 1969 Johannes

192 1988 235 2052 de
251 1988 355 2065 Coln',
371 1990 521 2053 Thomas
536 1990 579 2053 de
595 1991 810 2072 Greingham
826 1990 976 2054 Thomas
992 1990 1035 2053 de
1051 1990 1278 2072 Spekebrigg’,
1295 1990 1449 2055 Andreas

193 2093 235 2157 de
251 2093 425 2170 Pincebec‚
440 2094 612 2175 Johannes
627 2104 752 2170 cantor,
765 2094 931 2158 Radulfus
946 2093 990 2157 de
1006 2094 1081 2177 Ely,
1094 2094 1203 2171 Eud0,
1213 2094 1449 2171 refectorarius

194 2197 281 2275 Od0‚
299 2207 334 2261 et
356 2197 505 2261 Thomas
525 2198 665 2280 Coping,
687 2198 841 2261 monachi
862 2198 1044 2281 Spalding',
1062 2219 1106 2261 ex
1128 2198 1250 2276 altera;
1274 2198 1451 2275 Walterus,

193 2302 304 2377 etiam,
316 2300 360 2364 de
373 2301 545 2377 Pincebec‚
558 2301 676 2365 Abbas
687 2302 822 2379 Cestrie,
833 2311 867 2365 et
881 2302 1044 2384 Magister
1056 2302 1224 2366 Giibertus
1236 2301 1279 2365 de
1293 2302 1451 2379 Weston',

193 2415 423 2487 procuratores
447 2404 587 2488 predicti
607 2406 748 2469 Comitis
768 2426 827 2488 per
846 2406 972 2468 litteras
991 2427 1069 2469 suas
1092 2415 1245 2488 patentes
1268 2406 1449 2469 constituti.

193 2510 289 2586 Cum,
312 2510 421 2592 igitur,
444 2509 654 2592 presentibus
683 2510 839 2573 omnibus
870 2509 1077 2592 supradictis,
1100 2510 1267 2590 quesitum
1291 2518 1380 2572 esset
1407 2508 1451 2572 ab

194 2613 331 2677 Abbate
348 2613 442 2676 Beati
460 2613 614 2675 Nicholai
628 2612 827 2695 Andegavie
839 2623 873 2676 et
891 2613 1002 2676 Priore
1018 2612 1060 2676 de
1072 2613 1224 2695 Kirkeby
1234 2612 1391 2695 predictis
1406 2633 1449 2675 an

181 2715 320 2780 ‘litteras
345 2716 484 2798 predicti
512 2726 698 2779 conventus
729 2716 904 2799 Spalding'
931 2716 1093 2780 haberent
1119 2718 1162 2780 de
1186 2716 1306 2799 quibus
1336 2738 1450 2799 supra·

193 2819 320 2884 dictum
336 2830 397 2895 est,
413 2841 609 2902 responsum
625 2830 676 2883 est
692 2820 845 2883 absolute
860 2819 951 2901 quod
973 2840 1049 2896 non,
1064 2830 1098 2883 et
1114 2820 1255 2903 petitum
1271 2819 1448 2883 abeodem

194 2923 331 2988 Abbate
358 2923 557 3006 Andegavie
583 2923 674 3004 quod
705 2923 792 2986 circa
821 2933 1050 3006 presentatum
1078 2924 1263 3005 predictum
1294 2920 1450 2986 dominus

195 3026 383 3109 Episcopus
406 3028 496 3108 quod
527 3048 624 3089 suum
654 3036 726 3090 erat
755 3037 984 3110 exequeretur.
1041 3027 1232 3109 Surgentes,
1258 3036 1380 3103 autem,
1404 3048 1449 3089 ex

192 3130 333 3195 adverso
356 3131 520 3213 Supprior
541 3141 575 3194 et
597 3152 674 3194 cum
696 3152 738 3194 eo
760 3152 881 3195 novem
903 3130 1057 3194 monachi
1082 3130 1255 3213 Spalding'
1276 3132 1449 3213 prescripti

193 3245 309 3297 contra
331 3234 506 3297 dominum
531 3234 677 3298 Priorem
698 3234 741 3298 de
762 3234 915 3317 Kirkeby
934 3256 977 3298 ne
995 3235 1043 3297 eis
1063 3233 1275 3316 preficeretur
1289 3255 1349 3316 pro
1365 3256 1401 3297 se
1415 3246 1450 3299 et

192 3348 265 3401 toto
295 3347 462 3400 conventu
493 3336 625 3400 residuo
655 3337 698 3401 de
729 3337 911 3419 Spalding',
949 3358 1024 3400 cum
1064 3356 1235 3419 nunquam
1271 3338 1304 3399 in
1339 3338 1448 3420 ipsum

193 3442 450 3516 consensissent,
476 3461 593 3503 vocem
619 3442 801 3504 emisemnt
824 3440 1067 3523 appellationis.
1123 3440 1200 3523 Quo
1224 3440 1350 3517 auditu,
1374 3461 1449 3522 pro-

193 3553 361 3607 curatores
381 3543 523 3607 Comitis
547 3543 738 3626 supradicti,
761 3565 821 3626 pro
841 3544 916 3626 jure
938 3543 1066 3607 domini
1089 3546 1140 3607 sui
1164 3553 1280 3607 contra
1302 3544 1448 3606 eundem

194 3647 341 3710 Priorem
364 3646 517 3709 similiter
538 3647 756 3730 appellantes,
779 3647 906 3710 litteras
925 3648 1019 3729 quasi
1039 3648 1260 3710 revocatorias
1280 3656 1449 3728 presenta-

193 3758 321 3826 verunt,
343 3757 381 3811 ut
404 3748 497 3813 infra
543 3749 706 3827 Tandem,
730 3760 806 3833 post
829 3750 953 3814 multas
975 3750 1208 3814 altercationes
1231 3750 1316 3813 inter
1338 3760 1449 3832 partes

193 3852 368 3935 predictas,
399 3854 571 3936 negotium
598 3848 785 3936 predictum
816 3854 880 3916 hiis
905 3853 1026 3916 finibus
1051 3852 1241 3936 conquievit
1253 3874 1261 3930 ;
1288 3851 1449 3929 videlicet,

194 3956 306 4019 Priore
330 3954 373 4019 de
399 3955 552 4039 Kirkeby
572 3957 647 4039 juri,
669 3958 697 4019 si
721 3956 811 4039 quod
838 3956 955 4020 habuit
978 3958 1029 4020 vel
1057 3956 1179 4020 habere
1207 3954 1389 4033 videbatur,
1413 3956 1448 4019 in

192 4058 339 4139 prioratu
364 4058 538 4142 Spalding’
554 4062 729 4124 occasione
743 4061 1002 4142 presentationis
1017 4059 1166 4143 predicte
1181 4060 1314 4142 penitus
1329 4080 1449 4145 renun-

193 4163 323 4239 ciante;
350 4163 510 4246 partibus,
531 4164 643 4240 etiam,
666 4164 865 4245 supradictis
888 4163 1167 4245 appellationibus
1189 4164 1258 4226 suis
1281 4163 1449 4245 premissis

192 4264 345 4328 similiter
374 4266 656 4343 renunciantibus,
686 4265 795 4329 dictus
825 4265 944 4328 Abbas
975 4265 1183 4348 Andegavie,
1214 4266 1385 4349 Supprior,
1414 4276 1448 4329 et

192 4367 349 4431 monachi
375 4369 566 4451 supradicti,
591 4390 654 4451 pro
683 4389 719 4431 se
744 4379 779 4431 et
805 4368 938 4431 residuo
964 4368 1008 4432 de
1037 4379 1214 4446 conventu
1242 4368 1286 4432 de
1316 4369 1449 4432 licentia

192 4482 444 4558 procuratorum
468 4472 692 4555 predictorum
716 4471 866 4548 Comitis,
889 4484 967 4555 post
984 4482 1163 4536 tractatum
1181 4472 1339 4536 intereos
1354 4473 1447 4543 habi-

192 4585 274 4652 tum,
300 4574 473 4639 Simonem
500 4575 542 4638 de
568 4576 726 4653 Hauton¹,
752 4575 955 4639 monachum
983 4576 1166 4659 Spalding’,
1192 4577 1225 4638 in
1250 4596 1350 4657 quern
1375 4598 1448 4659 pre-

192 4676 374 4742 ficiendum
402 4679 549 4741 Priorem
574 4678 698 4741 ibidem
723 4679 925 4742 unanimiter
950 4688 1195 4755 consenserant,
1222 4689 1363 4760 patrono
1386 4700 1448 4741 suo

192 4779 344 4862 predicto
368 4800 427 4861 per
450 4779 558 4843 dictos
581 4791 810 4863 procuratores
832 4801 910 4843 suos
933 4802 1030 4844 suum
1049 4780 1092 4844 ad
1113 4780 1146 4843 id
1170 4780 1350 4845 adhibente
1369 4803 1448 4845 con-

191 4902 339 4959 sensum,
362 4882 501 4945 domino
527 4884 696 4966 Episcopo
723 4883 847 4946 ibidem
877 4894 1159 4966 presentaverunt.
1205 4884 1282 4967 Qui,
1303 4884 1449 4965 quidem,

185 4970 337 5069 'cognitis
356 4987 459 5069 ipsius
478 4989 603 5069 negotii
627 4988 762 5066 meritis,
776 4988 820 5051 de
840 4988 979 5051 consilio
995 4989 1078 5070 juris
1093 4989 1274 5070 peritorum
1290 4989 1353 5053 sibi
1368 4992 1449 5071 assi-
