<?xml version="1.0" encoding="UTF-8"?>
<!DOCTYPE html PUBLIC "-//W3C//DTD XHTML 1.0 Transitional//EN"
    "http://www.w3.org/TR/xhtml1/DTD/xhtml1-transitional.dtd">
<html xmlns="http://www.w3.org/1999/xhtml" xml:lang="en" lang="en">
 <head>
  <title>
</title>
<meta http-equiv="Content-Type" content="text/html;charset=utf-8" />
  <meta name='ocr-system' content='tesseract 3.04.00' />
  <meta name='ocr-capabilities' content='ocr_page ocr_carea ocr_par ocr_line ocrx_word'/>
</head>
<body>
  <div class='ocr_page' id='page_1' title='image "./rotulihugonisde01davigoog_0182.png"; bbox 0 0 3550 5692; ppageno 0'>
   <div class='ocr_carea' id='block_1_1' title="bbox 578 576 1447 672">
    <p class='ocr_par' dir='ltr' id='par_1_1' title="bbox 578 576 1447 672">
     <span class='ocr_line' id='line_1_1' title="bbox 578 576 1447 672; baseline 0.003 -25"><span class='ocrx_word' id='word_1_1' title='bbox 578 576 756 672; x_wconf 74' lang='lat' dir='ltr'><em>Episcopi</em></span> <span class='ocrx_word' id='word_1_2' title='bbox 787 576 1073 649; x_wconf 76' lang='lat' dir='ltr'>Le&#39;ncolnz‘eusz&#39;s.</span> <span class='ocrx_word' id='word_1_3' title='bbox 1385 597 1447 669; x_wconf 92' lang='lat'>171</span> 
     </span>
    </p>
   </div>
   <div class='ocr_carea' id='block_1_2' title="bbox 201 806 1456 959">
    <p class='ocr_par' dir='ltr' id='par_1_2' title="bbox 201 806 1456 959">
     <span class='ocr_line' id='line_1_2' title="bbox 201 806 1456 879; baseline 0.004 -20"><span class='ocrx_word' id='word_1_4' title='bbox 201 806 312 875; x_wconf 83' lang='lat' dir='ltr'>[Henry</span> <span class='ocrx_word' id='word_1_5' title='bbox 321 808 459 869; x_wconf 83' lang='lat' dir='ltr'>Blundus,</span> <span class='ocrx_word' id='word_1_6' title='bbox 471 808 638 872; x_wconf 63' lang='lat' dir='ltr'>subdeacm</span> <span class='ocrx_word' id='word_1_7' title='bbox 647 809 796 876; x_wconf 74' lang='lat' dir='ltr'><em>presented</em></span> <span class='ocrx_word' id='word_1_8' title='bbox 809 810 842 879; x_wconf 80' lang='lat' dir='ltr'>by</span> <span class='ocrx_word' id='word_1_9' title='bbox 852 810 953 863; x_wconf 84' lang='lat' dir='ltr'>Robert</span> <span class='ocrx_word' id='word_1_10' title='bbox 970 810 1069 873; x_wconf 83' lang='lat' dir='ltr'>Gredt,</span> <span class='ocrx_word' id='word_1_11' title='bbox 1087 811 1164 879; x_wconf 88' lang='lat' dir='ltr'>after</span> <span class='ocrx_word' id='word_1_12' title='bbox 1171 826 1189 863; x_wconf 86' lang='lat' dir='ltr'>a</span> <span class='ocrx_word' id='word_1_13' title='bbox 1200 810 1307 878; x_wconf 69' lang='lat' dir='ltr'>dupute</span> <span class='ocrx_word' id='word_1_14' title='bbox 1318 810 1401 863; x_wconf 85' lang='lat' dir='ltr'><em>about</em></span> <span class='ocrx_word' id='word_1_15' title='bbox 1410 811 1456 864; x_wconf 81' lang='lat' dir='ltr'>tlte</span> 
     </span>
     <span class='ocr_line' id='line_1_3' title="bbox 258 891 1040 959; baseline 0.001 -17"><span class='ocrx_word' id='word_1_16' title='bbox 258 894 424 959; x_wconf 81' lang='lat' dir='ltr'>patrmeage,</span> <span class='ocrx_word' id='word_1_17' title='bbox 436 892 461 943; x_wconf 88' lang='lat' dir='ltr'>is</span> <span class='ocrx_word' id='word_1_18' title='bbox 472 891 617 943; x_wconf 82' lang='lat' dir='ltr'><em>instituted</em></span> <span class='ocrx_word' id='word_1_19' title='bbox 625 896 652 943; x_wconf 90' lang='lat' dir='ltr'>to</span> <span class='ocrx_word' id='word_1_20' title='bbox 663 891 708 944; x_wconf 77' lang='lat' dir='ltr'>tlte</span> <span class='ocrx_word' id='word_1_21' title='bbox 718 892 819 944; x_wconf 79' lang='lat' dir='ltr'>chrerclr</span> <span class='ocrx_word' id='word_1_22' title='bbox 831 893 867 959; x_wconf 89' lang='lat' dir='ltr'>of</span> <span class='ocrx_word' id='word_1_23' title='bbox 872 891 1040 959; x_wconf 69' lang='lat' dir='ltr'>Bloxholm]</span> 
     </span>
    </p>
   </div>
   <div class='ocr_carea' id='block_1_3' title="bbox 198 1001 1458 2429">
    <p class='ocr_par' dir='ltr' id='par_1_3' title="bbox 198 1001 1458 2429">
     <span class='ocr_line' id='line_1_4' title="bbox 288 1001 1456 1086; baseline 0.002 -23"><span class='ocrx_word' id='word_1_24' title='bbox 288 1001 726 1085; x_wconf 86' lang='lat' dir='ltr'>BLOKSHAM’.—Magister</span> <span class='ocrx_word' id='word_1_25' title='bbox 737 1004 902 1067; x_wconf 91' lang='lat' dir='ltr'>Henricus</span> <span class='ocrx_word' id='word_1_26' title='bbox 913 1004 1072 1079; x_wconf 92' lang='lat' dir='ltr'>Blundus,</span> <span class='ocrx_word' id='word_1_27' title='bbox 1082 1002 1313 1080; x_wconf 88' lang='lat' dir='ltr'>subdiaconus,</span> <span class='ocrx_word' id='word_1_28' title='bbox 1323 1024 1456 1086; x_wconf 89' lang='lat' dir='ltr'>presen-</span> 
     </span>
     <span class='ocr_line' id='line_1_5' title="bbox 200 1106 1454 1189; baseline 0.002 -22"><span class='ocrx_word' id='word_1_29' title='bbox 200 1113 290 1167; x_wconf 91' lang='lat' dir='ltr'>tatus</span> <span class='ocrx_word' id='word_1_30' title='bbox 311 1126 370 1187; x_wconf 91' lang='lat' dir='ltr'>per</span> <span class='ocrx_word' id='word_1_31' title='bbox 390 1106 575 1169; x_wconf 91' lang='lat' dir='ltr'>Robertum</span> <span class='ocrx_word' id='word_1_32' title='bbox 597 1107 708 1171; x_wconf 90' lang='lat' dir='ltr'>Gredl’</span> <span class='ocrx_word' id='word_1_33' title='bbox 724 1106 767 1169; x_wconf 89' lang='lat' dir='ltr'>ad</span> <span class='ocrx_word' id='word_1_34' title='bbox 787 1107 960 1171; x_wconf 89' lang='lat' dir='ltr'>ecclesiam</span> <span class='ocrx_word' id='word_1_35' title='bbox 982 1107 1024 1170; x_wconf 91' lang='lat' dir='ltr'>de</span> <span class='ocrx_word' id='word_1_36' title='bbox 1045 1106 1245 1183; x_wconf 88' lang='lat' dir='ltr'>Bloksham&#39;‚</span> <span class='ocrx_word' id='word_1_37' title='bbox 1261 1107 1349 1171; x_wconf 86' lang='lat' dir='ltr'>sacta</span> <span class='ocrx_word' id='word_1_38' title='bbox 1364 1108 1454 1189; x_wconf 90' lang='lat' dir='ltr'>prius</span> 
     </span>
     <span class='ocr_line' id='line_1_6' title="bbox 201 1208 1455 1292; baseline 0.001 -22"><span class='ocrx_word' id='word_1_39' title='bbox 201 1208 414 1289; x_wconf 86' lang='lat' dir='ltr'>inquisitione</span> <span class='ocrx_word' id='word_1_40' title='bbox 437 1230 495 1292; x_wconf 89' lang='lat' dir='ltr'>per</span> <span class='ocrx_word' id='word_1_41' title='bbox 519 1210 567 1286; x_wconf 87' lang='lat' dir='ltr'>R,</span> <span class='ocrx_word' id='word_1_42' title='bbox 589 1210 872 1274; x_wconf 85' lang='lat' dir='ltr'>Archidiaconum</span> <span class='ocrx_word' id='word_1_43' title='bbox 901 1211 1082 1287; x_wconf 90' lang='lat' dir='ltr'>Lincolnie,</span> <span class='ocrx_word' id='word_1_44' title='bbox 1108 1220 1142 1273; x_wconf 87' lang='lat' dir='ltr'>et</span> <span class='ocrx_word' id='word_1_45' title='bbox 1168 1212 1308 1292; x_wconf 85' lang='lat' dir='ltr'>receptis</span> <span class='ocrx_word' id='word_1_46' title='bbox 1338 1210 1455 1273; x_wconf 88' lang='lat' dir='ltr'>litteris</span> 
     </span>
     <span class='ocr_line' id='line_1_7' title="bbox 200 1311 1455 1396; baseline 0.002 -23"><span class='ocrx_word' id='word_1_47' title='bbox 200 1311 328 1374; x_wconf 91' lang='lat' dir='ltr'>domini</span> <span class='ocrx_word' id='word_1_48' title='bbox 346 1314 448 1395; x_wconf 90' lang='lat' dir='ltr'>Regis</span> <span class='ocrx_word' id='word_1_49' title='bbox 464 1314 712 1377; x_wconf 83' lang='lat' dir='ltr'>continentibus</span> <span class='ocrx_word' id='word_1_50' title='bbox 728 1313 828 1396; x_wconf 91' lang='lat' dir='ltr'>quod,</span> <span class='ocrx_word' id='word_1_51' title='bbox 840 1336 915 1377; x_wconf 93' lang='lat' dir='ltr'>cum</span> <span class='ocrx_word' id='word_1_52' title='bbox 935 1314 1101 1377; x_wconf 89' lang='lat' dir='ltr'>Robertus</span> <span class='ocrx_word' id='word_1_53' title='bbox 1117 1314 1228 1378; x_wconf 89' lang='lat' dir='ltr'>Gredl’</span> <span class='ocrx_word' id='word_1_54' title='bbox 1242 1315 1274 1376; x_wconf 92' lang='lat' dir='ltr'>in</span> <span class='ocrx_word' id='word_1_55' title='bbox 1291 1315 1381 1377; x_wconf 91' lang='lat' dir='ltr'>curia</span> <span class='ocrx_word' id='word_1_56' title='bbox 1396 1335 1455 1376; x_wconf 92' lang='lat' dir='ltr'>sua</span> 
     </span>
     <span class='ocr_line' id='line_1_8' title="bbox 199 1414 1456 1499; baseline 0.002 -24"><span class='ocrx_word' id='word_1_57' title='bbox 199 1414 288 1495; x_wconf 86' lang='lat' dir='ltr'>apud</span> <span class='ocrx_word' id='word_1_58' title='bbox 308 1415 517 1480; x_wconf 88' lang='lat' dir='ltr'>Lincolniam</span> <span class='ocrx_word' id='word_1_59' title='bbox 533 1438 644 1480; x_wconf 91' lang='lat' dir='ltr'>coram</span> <span class='ocrx_word' id='word_1_60' title='bbox 658 1417 828 1481; x_wconf 90' lang='lat' dir='ltr'>Willelmo</span> <span class='ocrx_word' id='word_1_61' title='bbox 843 1417 885 1481; x_wconf 91' lang='lat' dir='ltr'>de</span> <span class='ocrx_word' id='word_1_62' title='bbox 898 1417 1005 1480; x_wconf 90' lang='lat' dir='ltr'>Welle</span> <span class='ocrx_word' id='word_1_63' title='bbox 1021 1427 1054 1480; x_wconf 91' lang='lat' dir='ltr'>et</span> <span class='ocrx_word' id='word_1_64' title='bbox 1070 1418 1167 1480; x_wconf 90' lang='lat' dir='ltr'>sociis</span> <span class='ocrx_word' id='word_1_65' title='bbox 1183 1418 1259 1493; x_wconf 91' lang='lat' dir='ltr'>suis,</span> <span class='ocrx_word' id='word_1_66' title='bbox 1267 1418 1456 1499; x_wconf 87' lang='lat' dir='ltr'>justiciariis</span> 
     </span>
     <span class='ocr_line' id='line_1_9' title="bbox 199 1516 1457 1602; baseline 0.004 -24"><span class='ocrx_word' id='word_1_67' title='bbox 199 1516 241 1579; x_wconf 87' lang='lat' dir='ltr'>ad</span> <span class='ocrx_word' id='word_1_68' title='bbox 257 1518 322 1581; x_wconf 92' lang='lat' dir='ltr'>hoc</span> <span class='ocrx_word' id='word_1_69' title='bbox 338 1520 536 1597; x_wconf 87' lang='lat' dir='ltr'>constitutis,</span> <span class='ocrx_word' id='word_1_70' title='bbox 553 1522 747 1583; x_wconf 89' lang='lat' dir='ltr'>arainiasset</span> <span class='ocrx_word' id='word_1_71' title='bbox 762 1522 900 1583; x_wconf 87' lang='lat' dir='ltr'>assisam</span> <span class='ocrx_word' id='word_1_72' title='bbox 918 1520 1033 1583; x_wconf 92' lang='lat' dir='ltr'>ultime</span> <span class='ocrx_word' id='word_1_73' title='bbox 1049 1522 1303 1602; x_wconf 87' lang='lat' dir='ltr'>presentationis</span> <span class='ocrx_word' id='word_1_74' title='bbox 1318 1520 1457 1583; x_wconf 86' lang='lat' dir='ltr'>ecclesie</span> 
     </span>
     <span class='ocr_line' id='line_1_10' title="bbox 198 1620 1454 1701; baseline 0.002 -18"><span class='ocrx_word' id='word_1_75' title='bbox 198 1620 348 1701; x_wconf 88' lang='lat' dir='ltr'>predicte</span> <span class='ocrx_word' id='word_1_76' title='bbox 363 1644 476 1685; x_wconf 91' lang='lat' dir='ltr'>versus</span> <span class='ocrx_word' id='word_1_77' title='bbox 493 1624 671 1699; x_wconf 91' lang='lat' dir='ltr'>Thomam‚</span> <span class='ocrx_word' id='word_1_78' title='bbox 688 1625 833 1687; x_wconf 89' lang='lat' dir='ltr'>Priorem</span> <span class='ocrx_word' id='word_1_79' title='bbox 854 1623 896 1687; x_wconf 95' lang='lat' dir='ltr'>de</span> <span class='ocrx_word' id='word_1_80' title='bbox 918 1623 1090 1700; x_wconf 87' lang='lat' dir='ltr'>Seldsord&#39;‚</span> <span class='ocrx_word' id='word_1_81' title='bbox 1107 1624 1195 1687; x_wconf 89' lang='lat' dir='ltr'>idem</span> <span class='ocrx_word' id='word_1_82' title='bbox 1218 1624 1310 1686; x_wconf 89' lang='lat' dir='ltr'>Prior</span> <span class='ocrx_word' id='word_1_83' title='bbox 1331 1623 1454 1685; x_wconf 86' lang='lat' dir='ltr'>ibidem</span> 
     </span>
     <span class='ocr_line' id='line_1_11' title="bbox 198 1723 1457 1809; baseline 0 -23"><span class='ocrx_word' id='word_1_84' title='bbox 198 1723 289 1787; x_wconf 89' lang='lat' dir='ltr'>dicto</span> <span class='ocrx_word' id='word_1_85' title='bbox 321 1727 360 1788; x_wconf 92' lang='lat' dir='ltr'>R.</span> <span class='ocrx_word' id='word_1_86' title='bbox 388 1727 546 1788; x_wconf 86' lang='lat' dir='ltr'>saisinam</span> <span class='ocrx_word' id='word_1_87' title='bbox 577 1747 672 1789; x_wconf 90' lang='lat' dir='ltr'>suam</span> <span class='ocrx_word' id='word_1_88' title='bbox 699 1726 777 1790; x_wconf 91' lang='lat' dir='ltr'>inde</span> <span class='ocrx_word' id='word_1_89' title='bbox 804 1727 1006 1809; x_wconf 83' lang='lat' dir='ltr'>recognovit,</span> <span class='ocrx_word' id='word_1_90' title='bbox 1037 1727 1177 1807; x_wconf 91' lang='lat' dir='ltr'>receptis</span> <span class='ocrx_word' id='word_1_91' title='bbox 1207 1726 1308 1789; x_wconf 91' lang='lat' dir='ltr'>etiam</span> <span class='ocrx_word' id='word_1_92' title='bbox 1339 1725 1457 1789; x_wconf 89' lang='lat' dir='ltr'>litteris</span> 
     </span>
     <span class='ocr_line' id='line_1_12' title="bbox 198 1826 1456 1911; baseline 0.001 -22"><span class='ocrx_word' id='word_1_93' title='bbox 198 1826 326 1891; x_wconf 92' lang='lat' dir='ltr'>domini</span> <span class='ocrx_word' id='word_1_94' title='bbox 348 1830 450 1911; x_wconf 88' lang='lat' dir='ltr'>Regis</span> <span class='ocrx_word' id='word_1_95' title='bbox 470 1829 718 1893; x_wconf 88' lang='lat' dir='ltr'>continentibus</span> <span class='ocrx_word' id='word_1_96' title='bbox 737 1829 827 1911; x_wconf 93' lang='lat' dir='ltr'>quod</span> <span class='ocrx_word' id='word_1_97' title='bbox 848 1851 924 1894; x_wconf 93' lang='lat' dir='ltr'>cum</span> <span class='ocrx_word' id='word_1_98' title='bbox 948 1830 1057 1894; x_wconf 90' lang='lat' dir='ltr'>dictus</span> <span class='ocrx_word' id='word_1_99' title='bbox 1079 1830 1117 1892; x_wconf 91' lang='lat' dir='ltr'>R.</span> <span class='ocrx_word' id='word_1_100' title='bbox 1137 1850 1248 1892; x_wconf 87' lang='lat' dir='ltr'>coram</span> <span class='ocrx_word' id='word_1_101' title='bbox 1266 1829 1456 1910; x_wconf 87' lang='lat' dir='ltr'>justiciariis</span> 
     </span>
     <span class='ocr_line' id='line_1_13' title="bbox 198 1932 1455 2014; baseline 0 -19"><span class='ocrx_word' id='word_1_102' title='bbox 198 1932 288 2014; x_wconf 92' lang='lat' dir='ltr'>apud</span> <span class='ocrx_word' id='word_1_103' title='bbox 313 1934 651 1997; x_wconf 90' lang='lat' dir='ltr'>Westmonasterium</span> <span class='ocrx_word' id='word_1_104' title='bbox 675 1934 878 2009; x_wconf 90' lang='lat' dir='ltr'>arainiasset,</span> <span class='ocrx_word' id='word_1_105' title='bbox 896 1944 966 2010; x_wconf 87' lang='lat' dir='ltr'>etc,</span> <span class='ocrx_word' id='word_1_106' title='bbox 983 1944 1019 1996; x_wconf 92' lang='lat' dir='ltr'>ut</span> <span class='ocrx_word' id='word_1_107' title='bbox 1042 1953 1150 2014; x_wconf 89' lang='lat' dir='ltr'>supra,</span> <span class='ocrx_word' id='word_1_108' title='bbox 1173 1954 1285 1995; x_wconf 91' lang='lat' dir='ltr'>versus</span> <span class='ocrx_word' id='word_1_109' title='bbox 1310 1934 1455 1995; x_wconf 91' lang='lat' dir='ltr'>Priorem</span> 
     </span>
     <span class='ocr_line' id='line_1_14' title="bbox 198 2036 1456 2119; baseline -0.002 -20"><span class='ocrx_word' id='word_1_110' title='bbox 198 2036 241 2099; x_wconf 94' lang='lat' dir='ltr'>de</span> <span class='ocrx_word' id='word_1_111' title='bbox 258 2036 485 2115; x_wconf 70' lang='lat' dir='ltr'>Hauerholm’,</span> <span class='ocrx_word' id='word_1_112' title='bbox 496 2037 585 2101; x_wconf 92' lang='lat' dir='ltr'>idem</span> <span class='ocrx_word' id='word_1_113' title='bbox 603 2038 695 2099; x_wconf 90' lang='lat' dir='ltr'>Prior</span> <span class='ocrx_word' id='word_1_114' title='bbox 711 2036 834 2100; x_wconf 90' lang='lat' dir='ltr'>ibidem</span> <span class='ocrx_word' id='word_1_115' title='bbox 852 2038 1044 2119; x_wconf 84' lang='lat' dir='ltr'>recognovit</span> <span class='ocrx_word' id='word_1_116' title='bbox 1060 2036 1150 2118; x_wconf 94' lang='lat' dir='ltr'>quod</span> <span class='ocrx_word' id='word_1_117' title='bbox 1166 2036 1267 2098; x_wconf 90' lang='lat' dir='ltr'>nichil</span> <span class='ocrx_word' id='word_1_118' title='bbox 1283 2036 1406 2099; x_wconf 90' lang='lat' dir='ltr'>clamat</span> <span class='ocrx_word' id='word_1_119' title='bbox 1422 2037 1456 2097; x_wconf 88' lang='lat' dir='ltr'>in</span> 
     </span>
     <span class='ocr_line' id='line_1_15' title="bbox 199 2140 1457 2227; baseline -0.001 -24"><span class='ocrx_word' id='word_1_120' title='bbox 199 2141 350 2223; x_wconf 86' lang='lat' dir='ltr'>predicta</span> <span class='ocrx_word' id='word_1_121' title='bbox 361 2142 590 2218; x_wconf 91' lang='lat' dir='ltr'>advocatione,</span> <span class='ocrx_word' id='word_1_122' title='bbox 601 2151 635 2205; x_wconf 92' lang='lat' dir='ltr'>et</span> <span class='ocrx_word' id='word_1_123' title='bbox 647 2143 773 2205; x_wconf 90' lang='lat' dir='ltr'>remisit</span> <span class='ocrx_word' id='word_1_124' title='bbox 785 2143 934 2224; x_wconf 90' lang='lat' dir='ltr'>predicto</span> <span class='ocrx_word' id='word_1_125' title='bbox 952 2142 1099 2205; x_wconf 91' lang='lat' dir='ltr'>Roberto</span> <span class='ocrx_word' id='word_1_126' title='bbox 1115 2142 1298 2227; x_wconf 89' lang='lat' dir='ltr'>predictam</span> <span class='ocrx_word' id='word_1_127' title='bbox 1316 2140 1457 2203; x_wconf 89' lang='lat' dir='ltr'>advoca-</span> 
     </span>
     <span class='ocr_line' id='line_1_16' title="bbox 198 2244 1458 2328; baseline -0.001 -21"><span class='ocrx_word' id='word_1_128' title='bbox 198 2245 335 2321; x_wconf 88' lang='lat' dir='ltr'>tionem,</span> <span class='ocrx_word' id='word_1_129' title='bbox 359 2266 417 2328; x_wconf 90' lang='lat' dir='ltr'>per</span> <span class='ocrx_word' id='word_1_130' title='bbox 439 2266 513 2326; x_wconf 91' lang='lat' dir='ltr'>que,</span> <span class='ocrx_word' id='word_1_131' title='bbox 532 2255 602 2321; x_wconf 93' lang='lat' dir='ltr'>etc,</span> <span class='ocrx_word' id='word_1_132' title='bbox 623 2244 666 2307; x_wconf 91' lang='lat' dir='ltr'>ad</span> <span class='ocrx_word' id='word_1_133' title='bbox 690 2246 832 2308; x_wconf 90' lang='lat' dir='ltr'>eandem</span> <span class='ocrx_word' id='word_1_134' title='bbox 856 2245 1022 2307; x_wconf 91' lang='lat' dir='ltr'>admissus</span> <span class='ocrx_word' id='word_1_135' title='bbox 1044 2256 1104 2321; x_wconf 86' lang='lat' dir='ltr'>est,</span> <span class='ocrx_word' id='word_1_136' title='bbox 1119 2255 1153 2307; x_wconf 89' lang='lat' dir='ltr'>et</span> <span class='ocrx_word' id='word_1_137' title='bbox 1177 2246 1209 2306; x_wconf 94' lang='lat' dir='ltr'>in</span> <span class='ocrx_word' id='word_1_138' title='bbox 1233 2265 1273 2306; x_wconf 91' lang='lat' dir='ltr'>ea</span> <span class='ocrx_word' id='word_1_139' title='bbox 1297 2244 1458 2306; x_wconf 91' lang='lat' dir='ltr'>canonice</span> 
     </span>
     <span class='ocr_line' id='line_1_17' title="bbox 200 2347 1412 2429; baseline -0.001 -20"><span class='ocrx_word' id='word_1_140' title='bbox 200 2368 343 2429; x_wconf 89' lang='lat' dir='ltr'>persona</span> <span class='ocrx_word' id='word_1_141' title='bbox 359 2349 539 2411; x_wconf 81' lang='lat' dir='ltr'>institutus</span> <span class='ocrx_word' id='word_1_142' title='bbox 587 2348 631 2411; x_wconf 92' lang='lat' dir='ltr'>Et</span> <span class='ocrx_word' id='word_1_143' title='bbox 647 2349 843 2412; x_wconf 90' lang='lat' dir='ltr'>mandatum</span> <span class='ocrx_word' id='word_1_144' title='bbox 859 2358 911 2411; x_wconf 90' lang='lat' dir='ltr'>est</span> <span class='ocrx_word' id='word_1_145' title='bbox 927 2348 1017 2411; x_wconf 88' lang='lat' dir='ltr'>dicto</span> <span class='ocrx_word' id='word_1_146' title='bbox 1035 2347 1283 2409; x_wconf 86' lang='lat' dir='ltr'>Archidiacono</span> <span class='ocrx_word' id='word_1_147' title='bbox 1295 2355 1340 2422; x_wconf 89' lang='lat' dir='ltr'>ut,</span> <span class='ocrx_word' id='word_1_148' title='bbox 1352 2357 1412 2409; x_wconf 89' lang='lat' dir='ltr'>etc.</span> 
     </span>
    </p>
   </div>
   <div class='ocr_carea' id='block_1_4' title="bbox 199 2540 1459 2693">
    <p class='ocr_par' dir='ltr' id='par_1_4' title="bbox 199 2540 1459 2693">
     <span class='ocr_line' id='line_1_18' title="bbox 199 2540 1459 2611; baseline -0.002 -17"><span class='ocrx_word' id='word_1_149' title='bbox 199 2543 308 2610; x_wconf 76' lang='lat' dir='ltr'>[Roget</span> <span class='ocrx_word' id='word_1_150' title='bbox 316 2543 350 2596; x_wconf 85' lang='lat' dir='ltr'>de</span> <span class='ocrx_word' id='word_1_151' title='bbox 360 2544 463 2607; x_wconf 84' lang='lat' dir='ltr'>Lakok,</span> <span class='ocrx_word' id='word_1_152' title='bbox 470 2544 619 2610; x_wconf 81' lang='lat' dir='ltr'>presented</span> <span class='ocrx_word' id='word_1_153' title='bbox 624 2544 658 2611; x_wconf 84' lang='lat' dir='ltr'>by</span> <span class='ocrx_word' id='word_1_154' title='bbox 668 2543 713 2596; x_wconf 84' lang='lat' dir='ltr'>tlte</span> <span class='ocrx_word' id='word_1_155' title='bbox 724 2543 812 2611; x_wconf 84' lang='lat' dir='ltr'>King,</span> <span class='ocrx_word' id='word_1_156' title='bbox 830 2542 856 2595; x_wconf 85' lang='lat' dir='ltr'>is</span> <span class='ocrx_word' id='word_1_157' title='bbox 872 2542 1017 2594; x_wconf 78' lang='lat' dir='ltr'>instituted</span> <span class='ocrx_word' id='word_1_158' title='bbox 1032 2548 1059 2594; x_wconf 90' lang='lat' dir='ltr'>to</span> <span class='ocrx_word' id='word_1_159' title='bbox 1076 2542 1122 2593; x_wconf 84' lang='lat' dir='ltr'>tlte</span> <span class='ocrx_word' id='word_1_160' title='bbox 1137 2541 1238 2594; x_wconf 80' lang='lat' dir='ltr'>chrerclt</span> <span class='ocrx_word' id='word_1_161' title='bbox 1256 2542 1292 2609; x_wconf 88' lang='lat' dir='ltr'>of</span> <span class='ocrx_word' id='word_1_162' title='bbox 1308 2540 1459 2608; x_wconf 81' lang='lat' dir='ltr'>Woslu&#39;ng-</span> 
     </span>
     <span class='ocr_line' id='line_1_19' title="bbox 263 2624 410 2693; baseline -0.007 -16"><span class='ocrx_word' id='word_1_163' title='bbox 263 2624 410 2693; x_wconf 66' lang='lat' dir='ltr'>borouglt]</span> 
     </span>
    </p>
   </div>
   <div class='ocr_carea' id='block_1_5' title="bbox 198 2732 1462 3746">
    <p class='ocr_par' dir='ltr' id='par_1_5' title="bbox 198 2732 1462 3746">
     <span class='ocr_line' id='line_1_20' title="bbox 287 2732 1457 2815; baseline -0.002 -19"><span class='ocrx_word' id='word_1_164' title='bbox 287 2734 866 2815; x_wconf 81' lang='lat' dir='ltr'>WHASSINGEBURGE.-Magister</span> <span class='ocrx_word' id='word_1_165' title='bbox 882 2734 1034 2815; x_wconf 88' lang='lat' dir='ltr'>Rogerus</span> <span class='ocrx_word' id='word_1_166' title='bbox 1047 2734 1089 2797; x_wconf 88' lang='lat' dir='ltr'>de</span> <span class='ocrx_word' id='word_1_167' title='bbox 1107 2732 1234 2808; x_wconf 82' lang='lat' dir='ltr'>Lakok,</span> <span class='ocrx_word' id='word_1_168' title='bbox 1245 2742 1457 2814; x_wconf 88' lang='lat' dir='ltr'>presentatus</span> 
     </span>
     <span class='ocr_line' id='line_1_21' title="bbox 199 2837 1458 2919; baseline -0.002 -20"><span class='ocrx_word' id='word_1_169' title='bbox 199 2838 242 2899; x_wconf 91' lang='lat' dir='ltr'>ad</span> <span class='ocrx_word' id='word_1_170' title='bbox 280 2837 455 2900; x_wconf 90' lang='lat' dir='ltr'>ecclesiam</span> <span class='ocrx_word' id='word_1_171' title='bbox 494 2838 536 2900; x_wconf 92' lang='lat' dir='ltr'>de</span> <span class='ocrx_word' id='word_1_172' title='bbox 567 2837 850 2919; x_wconf 89' lang='lat' dir='ltr'>Whassingburg’,</span> <span class='ocrx_word' id='word_1_173' title='bbox 890 2848 1065 2899; x_wconf 85' lang='lat' dir='ltr'>vacantem</span> <span class='ocrx_word' id='word_1_174' title='bbox 1105 2858 1163 2918; x_wconf 93' lang='lat' dir='ltr'>per</span> <span class='ocrx_word' id='word_1_175' title='bbox 1200 2837 1458 2917; x_wconf 88' lang='lat' dir='ltr'>resignationem</span> 
     </span>
     <span class='ocr_line' id='line_1_22' title="bbox 202 2940 1459 3022; baseline -0.001 -19"><span class='ocrx_word' id='word_1_176' title='bbox 202 2942 338 3003; x_wconf 86' lang='lat' dir='ltr'>Martini</span> <span class='ocrx_word' id='word_1_177' title='bbox 355 2940 398 3004; x_wconf 92' lang='lat' dir='ltr'>de</span> <span class='ocrx_word' id='word_1_178' title='bbox 419 2940 596 3017; x_wconf 88' lang='lat' dir='ltr'>Pateshill’,</span> <span class='ocrx_word' id='word_1_179' title='bbox 611 2942 667 3022; x_wconf 93' lang='lat' dir='ltr'>qui</span> <span class='ocrx_word' id='word_1_180' title='bbox 686 2961 761 3003; x_wconf 92' lang='lat' dir='ltr'>eam</span> <span class='ocrx_word' id='word_1_181' title='bbox 777 2940 896 3002; x_wconf 93' lang='lat' dir='ltr'>ultimo</span> <span class='ocrx_word' id='word_1_182' title='bbox 915 2942 1030 3012; x_wconf 87' lang='lat' dir='ltr'>tenuit,</span> <span class='ocrx_word' id='word_1_183' title='bbox 1046 2961 1105 3022; x_wconf 90' lang='lat' dir='ltr'>per</span> <span class='ocrx_word' id='word_1_184' title='bbox 1123 2941 1298 3002; x_wconf 93' lang='lat' dir='ltr'>dominum</span> <span class='ocrx_word' id='word_1_185' title='bbox 1320 2941 1459 3021; x_wconf 87' lang='lat' dir='ltr'>Regem,</span> 
     </span>
     <span class='ocr_line' id='line_1_23' title="bbox 200 3044 1457 3119; baseline -0.002 -13"><span class='ocrx_word' id='word_1_186' title='bbox 200 3046 329 3108; x_wconf 89' lang='lat' dir='ltr'>ratione</span> <span class='ocrx_word' id='word_1_187' title='bbox 351 3055 512 3107; x_wconf 91' lang='lat' dir='ltr'>terrarum</span> <span class='ocrx_word' id='word_1_188' title='bbox 530 3046 671 3110; x_wconf 91' lang='lat' dir='ltr'>Comitis</span> <span class='ocrx_word' id='word_1_189' title='bbox 688 3045 859 3107; x_wconf 92' lang='lat' dir='ltr'>Britannie</span> <span class='ocrx_word' id='word_1_190' title='bbox 879 3046 912 3107; x_wconf 93' lang='lat' dir='ltr'>in</span> <span class='ocrx_word' id='word_1_191' title='bbox 933 3064 1033 3106; x_wconf 92' lang='lat' dir='ltr'>manu</span> <span class='ocrx_word' id='word_1_192' title='bbox 1055 3066 1115 3107; x_wconf 93' lang='lat' dir='ltr'>sua</span> <span class='ocrx_word' id='word_1_193' title='bbox 1130 3044 1358 3119; x_wconf 88' lang='lat' dir='ltr'>existentium,</span> <span class='ocrx_word' id='word_1_194' title='bbox 1375 3063 1457 3105; x_wconf 89' lang='lat' dir='ltr'>non-</span> 
     </span>
     <span class='ocr_line' id='line_1_24' title="bbox 199 3148 1457 3230; baseline -0.001 -20"><span class='ocrx_word' id='word_1_195' title='bbox 199 3148 357 3211; x_wconf 90' lang='lat' dir='ltr'>obstante</span> <span class='ocrx_word' id='word_1_196' title='bbox 376 3170 417 3212; x_wconf 92' lang='lat' dir='ltr'>eo</span> <span class='ocrx_word' id='word_1_197' title='bbox 438 3148 528 3230; x_wconf 93' lang='lat' dir='ltr'>quod</span> <span class='ocrx_word' id='word_1_198' title='bbox 550 3150 599 3224; x_wconf 98' lang='lat' dir='ltr'>R,</span> <span class='ocrx_word' id='word_1_199' title='bbox 614 3169 726 3211; x_wconf 92' lang='lat' dir='ltr'>comes</span> <span class='ocrx_word' id='word_1_200' title='bbox 747 3148 875 3212; x_wconf 91' lang='lat' dir='ltr'>Cestrie</span> <span class='ocrx_word' id='word_1_201' title='bbox 895 3158 928 3211; x_wconf 89' lang='lat' dir='ltr'>et</span> <span class='ocrx_word' id='word_1_202' title='bbox 953 3148 1135 3224; x_wconf 89' lang='lat' dir='ltr'>Lincolnie,</span> <span class='ocrx_word' id='word_1_203' title='bbox 1155 3156 1247 3209; x_wconf 90' lang='lat' dir='ltr'>tenet</span> <span class='ocrx_word' id='word_1_204' title='bbox 1273 3148 1457 3210; x_wconf 92' lang='lat' dir='ltr'>manerium</span> 
     </span>
     <span class='ocr_line' id='line_1_25' title="bbox 199 3249 1458 3333; baseline -0.001 -20"><span class='ocrx_word' id='word_1_205' title='bbox 199 3252 242 3315; x_wconf 94' lang='lat' dir='ltr'>de</span> <span class='ocrx_word' id='word_1_206' title='bbox 266 3251 543 3333; x_wconf 89' lang='lat' dir='ltr'>Whassingburg&#39;</span> <span class='ocrx_word' id='word_1_207' title='bbox 566 3252 609 3315; x_wconf 93' lang='lat' dir='ltr'>de</span> <span class='ocrx_word' id='word_1_208' title='bbox 633 3251 745 3313; x_wconf 90' lang='lat' dir='ltr'>baillio</span> <span class='ocrx_word' id='word_1_209' title='bbox 771 3250 898 3313; x_wconf 91' lang='lat' dir='ltr'>domini</span> <span class='ocrx_word' id='word_1_210' title='bbox 925 3251 1026 3330; x_wconf 89' lang='lat' dir='ltr'>Regis</span> <span class='ocrx_word' id='word_1_211' title='bbox 1052 3250 1210 3331; x_wconf 89' lang='lat' dir='ltr'>quamdiu</span> <span class='ocrx_word' id='word_1_212' title='bbox 1237 3250 1293 3313; x_wconf 86' lang='lat' dir='ltr'>illa</span> <span class='ocrx_word' id='word_1_213' title='bbox 1317 3249 1458 3313; x_wconf 90' lang='lat' dir='ltr'>domino</span> 
     </span>
     <span class='ocr_line' id='line_1_26' title="bbox 201 3354 1459 3436; baseline -0.002 -19"><span class='ocrx_word' id='word_1_214' title='bbox 201 3356 288 3435; x_wconf 86' lang='lat' dir='ltr'>Regi</span> <span class='ocrx_word' id='word_1_215' title='bbox 304 3354 476 3436; x_wconf 91' lang='lat' dir='ltr'>placuerit,</span> <span class='ocrx_word' id='word_1_216' title='bbox 485 3356 564 3435; x_wconf 92' lang='lat' dir='ltr'>quia</span> <span class='ocrx_word' id='word_1_217' title='bbox 579 3354 832 3418; x_wconf 90' lang='lat' dir='ltr'>advocationem</span> <span class='ocrx_word' id='word_1_218' title='bbox 849 3354 986 3416; x_wconf 89' lang='lat' dir='ltr'>ecclesie</span> <span class='ocrx_word' id='word_1_219' title='bbox 1003 3354 1106 3434; x_wconf 88' lang='lat' dir='ltr'>ipsius</span> <span class='ocrx_word' id='word_1_220' title='bbox 1122 3354 1259 3416; x_wconf 90' lang='lat' dir='ltr'>manerii</span> <span class='ocrx_word' id='word_1_221' title='bbox 1277 3354 1411 3416; x_wconf 90' lang='lat' dir='ltr'>retinuit</span> <span class='ocrx_word' id='word_1_222' title='bbox 1424 3355 1459 3415; x_wconf 91' lang='lat' dir='ltr'>in</span> 
     </span>
     <span class='ocr_line' id='line_1_27' title="bbox 200 3457 1462 3539; baseline 0 -20"><span class='ocrx_word' id='word_1_223' title='bbox 200 3477 301 3519; x_wconf 88' lang='lat' dir='ltr'>manu</span> <span class='ocrx_word' id='word_1_224' title='bbox 324 3477 393 3534; x_wconf 88' lang='lat' dir='ltr'>sua,</span> <span class='ocrx_word' id='word_1_225' title='bbox 408 3457 592 3520; x_wconf 93' lang='lat' dir='ltr'>secundum</span> <span class='ocrx_word' id='word_1_226' title='bbox 608 3457 698 3539; x_wconf 93' lang='lat' dir='ltr'>quod</span> <span class='ocrx_word' id='word_1_227' title='bbox 720 3459 753 3520; x_wconf 92' lang='lat' dir='ltr'>in</span> <span class='ocrx_word' id='word_1_228' title='bbox 774 3458 891 3520; x_wconf 89' lang='lat' dir='ltr'>litteris</span> <span class='ocrx_word' id='word_1_229' title='bbox 912 3458 979 3519; x_wconf 90' lang='lat' dir='ltr'>suis</span> <span class='ocrx_word' id='word_1_230' title='bbox 999 3459 1246 3538; x_wconf 89' lang='lat' dir='ltr'>presentatoriis</span> <span class='ocrx_word' id='word_1_231' title='bbox 1262 3459 1462 3534; x_wconf 85' lang='lat' dir='ltr'>continetur,</span> 
     </span>
     <span class='ocr_line' id='line_1_28' title="bbox 198 3559 1460 3642; baseline 0.002 -21"><span class='ocrx_word' id='word_1_232' title='bbox 198 3580 275 3622; x_wconf 94' lang='lat' dir='ltr'>cum</span> <span class='ocrx_word' id='word_1_233' title='bbox 299 3562 414 3622; x_wconf 89' lang='lat' dir='ltr'>omnia</span> <span class='ocrx_word' id='word_1_234' title='bbox 436 3572 547 3623; x_wconf 90' lang='lat' dir='ltr'>essent</span> <span class='ocrx_word' id='word_1_235' title='bbox 570 3562 603 3622; x_wconf 92' lang='lat' dir='ltr'>in</span> <span class='ocrx_word' id='word_1_236' title='bbox 625 3561 793 3642; x_wconf 86' lang='lat' dir='ltr'>expedito,</span> <span class='ocrx_word' id='word_1_237' title='bbox 813 3560 856 3623; x_wconf 90' lang='lat' dir='ltr'>ad</span> <span class='ocrx_word' id='word_1_238' title='bbox 877 3559 1018 3623; x_wconf 88' lang='lat' dir='ltr'>eandem</span> <span class='ocrx_word' id='word_1_239' title='bbox 1040 3559 1204 3622; x_wconf 89' lang='lat' dir='ltr'>admissus</span> <span class='ocrx_word' id='word_1_240' title='bbox 1226 3569 1287 3636; x_wconf 90' lang='lat' dir='ltr'>est,</span> <span class='ocrx_word' id='word_1_241' title='bbox 1306 3571 1366 3623; x_wconf 88' lang='lat' dir='ltr'>etc.</span> <span class='ocrx_word' id='word_1_242' title='bbox 1414 3562 1460 3624; x_wconf 88' lang='lat' dir='ltr'>Et</span> 
     </span>
     <span class='ocr_line' id='line_1_29' title="bbox 200 3664 1104 3746; baseline 0 -21"><span class='ocrx_word' id='word_1_243' title='bbox 200 3664 390 3741; x_wconf 87' lang='lat' dir='ltr'>injunctum</span> <span class='ocrx_word' id='word_1_244' title='bbox 407 3674 458 3727; x_wconf 87' lang='lat' dir='ltr'>est</span> <span class='ocrx_word' id='word_1_245' title='bbox 475 3665 523 3740; x_wconf 89' lang='lat' dir='ltr'>R,</span> <span class='ocrx_word' id='word_1_246' title='bbox 541 3664 795 3740; x_wconf 81' lang='lat' dir='ltr'>ArchidiaconO,</span> <span class='ocrx_word' id='word_1_247' title='bbox 813 3665 966 3746; x_wconf 90' lang='lat' dir='ltr'>presenti,</span> <span class='ocrx_word' id='word_1_248' title='bbox 983 3673 1028 3739; x_wconf 92' lang='lat' dir='ltr'>ut,</span> <span class='ocrx_word' id='word_1_249' title='bbox 1044 3674 1104 3726; x_wconf 91' lang='lat' dir='ltr'>etc.</span> 
     </span>
    </p>
   </div>
   <div class='ocr_carea' id='block_1_6' title="bbox 198 3848 1461 3999">
    <p class='ocr_par' dir='ltr' id='par_1_6' title="bbox 198 3848 1461 3999">
     <span class='ocr_line' id='line_1_30' title="bbox 198 3848 1461 3918; baseline 0.001 -17"><span class='ocrx_word' id='word_1_250' title='bbox 198 3849 305 3913; x_wconf 76' lang='lat' dir='ltr'>[Artem</span> <span class='ocrx_word' id='word_1_251' title='bbox 317 3850 352 3903; x_wconf 86' lang='lat' dir='ltr'>de</span> <span class='ocrx_word' id='word_1_252' title='bbox 364 3850 478 3909; x_wconf 80' lang='lat' dir='ltr'>Oxonia.</span> <span class='ocrx_word' id='word_1_253' title='bbox 490 3850 659 3908; x_wconf 62' lang='lat' dir='ltr'>subriencou,</span> <span class='ocrx_word' id='word_1_254' title='bbox 667 3848 816 3915; x_wconf 83' lang='lat' dir='ltr'>presented</span> <span class='ocrx_word' id='word_1_255' title='bbox 822 3850 856 3917; x_wconf 84' lang='lat' dir='ltr'>by</span> <span class='ocrx_word' id='word_1_256' title='bbox 866 3849 912 3902; x_wconf 84' lang='lat' dir='ltr'>tlte</span> <span class='ocrx_word' id='word_1_257' title='bbox 922 3849 1009 3902; x_wconf 72' lang='lat' dir='ltr'>Prior</span> <span class='ocrx_word' id='word_1_258' title='bbox 1018 3850 1078 3901; x_wconf 79' lang='lat' dir='ltr'>ared</span> <span class='ocrx_word' id='word_1_259' title='bbox 1088 3850 1216 3902; x_wconf 85' lang='lat' dir='ltr'>Conuent</span> <span class='ocrx_word' id='word_1_260' title='bbox 1224 3850 1260 3916; x_wconf 87' lang='lat' dir='ltr'>of</span> <span class='ocrx_word' id='word_1_261' title='bbox 1266 3849 1461 3918; x_wconf 80' lang='lat' dir='ltr'>Bridle&#39;ugton,</span> 
     </span>
     <span class='ocr_line' id='line_1_31' title="bbox 263 3931 1133 3999; baseline 0.001 -15"><span class='ocrx_word' id='word_1_262' title='bbox 263 3934 289 3984; x_wconf 86' lang='lat' dir='ltr'>is</span> <span class='ocrx_word' id='word_1_263' title='bbox 299 3933 446 3985; x_wconf 79' lang='lat' dir='ltr'>instituted</span> <span class='ocrx_word' id='word_1_264' title='bbox 454 3938 481 3985; x_wconf 87' lang='lat' dir='ltr'>to</span> <span class='ocrx_word' id='word_1_265' title='bbox 492 3948 510 3983; x_wconf 88' lang='lat' dir='ltr'>a</span> <span class='ocrx_word' id='word_1_266' title='bbox 521 3931 636 3998; x_wconf 60' lang='lat' dir='ltr'>nude&#39;etu</span> <span class='ocrx_word' id='word_1_267' title='bbox 646 3933 682 3998; x_wconf 87' lang='lat' dir='ltr'>os</span> <span class='ocrx_word' id='word_1_268' title='bbox 687 3931 733 3983; x_wconf 82' lang='lat' dir='ltr'>tlte</span> <span class='ocrx_word' id='word_1_269' title='bbox 744 3931 844 3983; x_wconf 76' lang='lat' dir='ltr'>churcle</span> <span class='ocrx_word' id='word_1_270' title='bbox 855 3933 891 3997; x_wconf 87' lang='lat' dir='ltr'>of</span> <span class='ocrx_word' id='word_1_271' title='bbox 897 3932 985 3985; x_wconf 84' lang='lat' dir='ltr'>Soutlt</span> <span class='ocrx_word' id='word_1_272' title='bbox 997 3931 1133 3999; x_wconf 63' lang='lat' dir='ltr'>Ferriby]</span> 
     </span>
    </p>
   </div>
   <div class='ocr_carea' id='block_1_7' title="bbox 203 4042 1463 4531">
    <p class='ocr_par' dir='ltr' id='par_1_7' title="bbox 203 4042 1463 4531">
     <span class='ocr_line' id='line_1_32' title="bbox 289 4042 1463 4126; baseline -0.003 -18"><span class='ocrx_word' id='word_1_273' title='bbox 289 4042 703 4108; x_wconf 81' lang='lat' dir='ltr'>SUTHFERIBv.-Adam</span> <span class='ocrx_word' id='word_1_274' title='bbox 719 4042 762 4105; x_wconf 93' lang='lat' dir='ltr'>de</span> <span class='ocrx_word' id='word_1_275' title='bbox 779 4042 925 4119; x_wconf 88' lang='lat' dir='ltr'>Oxonia,</span> <span class='ocrx_word' id='word_1_276' title='bbox 936 4042 1168 4118; x_wconf 69' lang='lat' dir='ltr'>subdiaconus</span> <span class='ocrx_word' id='word_1_277' title='bbox 1179 4053 1389 4124; x_wconf 90' lang='lat' dir='ltr'>presentatus</span> <span class='ocrx_word' id='word_1_278' title='bbox 1402 4065 1463 4126; x_wconf 90' lang='lat' dir='ltr'>per</span> 
     </span>
     <span class='ocr_line' id='line_1_33' title="bbox 203 4144 1460 4210; baseline 0.002 -3"><span class='ocrx_word' id='word_1_279' title='bbox 203 4147 350 4208; x_wconf 89' lang='lat' dir='ltr'>Priorem</span> <span class='ocrx_word' id='word_1_280' title='bbox 377 4156 411 4208; x_wconf 97' lang='lat' dir='ltr'>et</span> <span class='ocrx_word' id='word_1_281' title='bbox 436 4155 638 4208; x_wconf 89' lang='lat' dir='ltr'>conventum</span> <span class='ocrx_word' id='word_1_282' title='bbox 664 4144 706 4208; x_wconf 95' lang='lat' dir='ltr'>de</span> <span class='ocrx_word' id='word_1_283' title='bbox 732 4145 928 4208; x_wconf 88' lang='lat' dir='ltr'>Bridlinton&#39;</span> <span class='ocrx_word' id='word_1_284' title='bbox 953 4146 996 4209; x_wconf 89' lang='lat' dir='ltr'>ad</span> <span class='ocrx_word' id='word_1_285' title='bbox 1022 4145 1237 4209; x_wconf 88' lang='lat' dir='ltr'>medietatem</span> <span class='ocrx_word' id='word_1_286' title='bbox 1258 4147 1396 4209; x_wconf 86' lang='lat' dir='ltr'>ecclesie</span> <span class='ocrx_word' id='word_1_287' title='bbox 1417 4147 1460 4210; x_wconf 89' lang='lat' dir='ltr'>de</span> 
     </span>
     <span class='ocr_line' id='line_1_34' title="bbox 204 4248 1460 4330; baseline 0.001 -19"><span class='ocrx_word' id='word_1_288' title='bbox 204 4248 416 4330; x_wconf 86' lang='lat' dir='ltr'>Suthsereby,</span> <span class='ocrx_word' id='word_1_289' title='bbox 426 4248 515 4310; x_wconf 88' lang='lat' dir='ltr'>sacta</span> <span class='ocrx_word' id='word_1_290' title='bbox 528 4250 617 4330; x_wconf 92' lang='lat' dir='ltr'>prius</span> <span class='ocrx_word' id='word_1_291' title='bbox 628 4249 841 4329; x_wconf 90' lang='lat' dir='ltr'>inquisitione</span> <span class='ocrx_word' id='word_1_292' title='bbox 851 4270 910 4329; x_wconf 91' lang='lat' dir='ltr'>per</span> <span class='ocrx_word' id='word_1_293' title='bbox 922 4250 971 4324; x_wconf 90' lang='lat' dir='ltr'>R,</span> <span class='ocrx_word' id='word_1_294' title='bbox 983 4248 1266 4311; x_wconf 86' lang='lat' dir='ltr'>Archidiaconum</span> <span class='ocrx_word' id='word_1_295' title='bbox 1279 4250 1460 4326; x_wconf 91' lang='lat' dir='ltr'>Lincolnie,</span> 
     </span>
     <span class='ocr_line' id='line_1_35' title="bbox 203 4351 1463 4433; baseline 0.002 -20"><span class='ocrx_word' id='word_1_296' title='bbox 203 4373 260 4433; x_wconf 93' lang='lat' dir='ltr'>per</span> <span class='ocrx_word' id='word_1_297' title='bbox 276 4372 388 4433; x_wconf 89' lang='lat' dir='ltr'>quam,</span> <span class='ocrx_word' id='word_1_298' title='bbox 404 4362 474 4427; x_wconf 89' lang='lat' dir='ltr'>etc,</span> <span class='ocrx_word' id='word_1_299' title='bbox 491 4352 533 4413; x_wconf 92' lang='lat' dir='ltr'>ad</span> <span class='ocrx_word' id='word_1_300' title='bbox 553 4351 695 4415; x_wconf 90' lang='lat' dir='ltr'>eandem</span> <span class='ocrx_word' id='word_1_301' title='bbox 715 4352 881 4414; x_wconf 88' lang='lat' dir='ltr'>admissus</span> <span class='ocrx_word' id='word_1_302' title='bbox 901 4362 959 4415; x_wconf 91' lang='lat' dir='ltr'>est.</span> <span class='ocrx_word' id='word_1_303' title='bbox 1007 4353 1051 4415; x_wconf 92' lang='lat' dir='ltr'>Et</span> <span class='ocrx_word' id='word_1_304' title='bbox 1076 4352 1272 4415; x_wconf 86' lang='lat' dir='ltr'>mandatum</span> <span class='ocrx_word' id='word_1_305' title='bbox 1296 4364 1346 4417; x_wconf 90' lang='lat' dir='ltr'>est</span> <span class='ocrx_word' id='word_1_306' title='bbox 1370 4354 1463 4416; x_wconf 88' lang='lat' dir='ltr'>dicto</span> 
     </span>
     <span class='ocr_line' id='line_1_36' title="bbox 203 4454 598 4531; baseline 0 -14"><span class='ocrx_word' id='word_1_307' title='bbox 203 4454 460 4531; x_wconf 88' lang='lat' dir='ltr'>Archidiac0n0‚</span> <span class='ocrx_word' id='word_1_308' title='bbox 476 4464 522 4531; x_wconf 91' lang='lat' dir='ltr'>ut,</span> <span class='ocrx_word' id='word_1_309' title='bbox 537 4464 598 4517; x_wconf 88' lang='lat' dir='ltr'>etc.</span> 
     </span>
    </p>
   </div>
   <div class='ocr_carea' id='block_1_8' title="bbox 201 4623 1462 4773">
    <p class='ocr_par' dir='ltr' id='par_1_8' title="bbox 201 4623 1462 4773">
     <span class='ocr_line' id='line_1_37' title="bbox 201 4623 1462 4692; baseline 0.002 -18"><span class='ocrx_word' id='word_1_310' title='bbox 201 4624 359 4691; x_wconf 76' lang='lat' dir='ltr'>[Pogonus</span> <span class='ocrx_word' id='word_1_311' title='bbox 372 4623 512 4690; x_wconf 77' lang='lat' dir='ltr'>cnapleeu,</span> <span class='ocrx_word' id='word_1_312' title='bbox 521 4624 669 4690; x_wconf 84' lang='lat' dir='ltr'>presented</span> <span class='ocrx_word' id='word_1_313' title='bbox 682 4624 771 4691; x_wconf 79' lang='lat' dir='ltr'>hythe</span> <span class='ocrx_word' id='word_1_314' title='bbox 783 4624 909 4677; x_wconf 83' lang='lat' dir='ltr'>Pn&#39;oress</span> <span class='ocrx_word' id='word_1_315' title='bbox 924 4624 985 4676; x_wconf 83' lang='lat' dir='ltr'>and</span> <span class='ocrx_word' id='word_1_316' title='bbox 996 4625 1122 4678; x_wconf 86' lang='lat' dir='ltr'>Conuent</span> <span class='ocrx_word' id='word_1_317' title='bbox 1131 4626 1166 4692; x_wconf 90' lang='lat' dir='ltr'>of</span> <span class='ocrx_word' id='word_1_318' title='bbox 1172 4626 1211 4679; x_wconf 85' lang='lat' dir='ltr'>St.</span> <span class='ocrx_word' id='word_1_319' title='bbox 1226 4625 1355 4687; x_wconf 78' lang='lat' dir='ltr'>Micncel,</span> <span class='ocrx_word' id='word_1_320' title='bbox 1370 4626 1462 4678; x_wconf 86' lang='lat' dir='ltr'>Stam-</span> 
     </span>
     <span class='ocr_line' id='line_1_38' title="bbox 257 4705 1150 4773; baseline 0 -16"><span class='ocrx_word' id='word_1_321' title='bbox 257 4706 337 4771; x_wconf 80' lang='lat' dir='ltr'>ford,</span> <span class='ocrx_word' id='word_1_322' title='bbox 350 4707 377 4757; x_wconf 86' lang='lat' dir='ltr'>is</span> <span class='ocrx_word' id='word_1_323' title='bbox 387 4707 534 4757; x_wconf 83' lang='lat' dir='ltr'>instituted</span> <span class='ocrx_word' id='word_1_324' title='bbox 542 4711 568 4758; x_wconf 86' lang='lat' dir='ltr'>to</span> <span class='ocrx_word' id='word_1_325' title='bbox 579 4706 624 4757; x_wconf 82' lang='lat' dir='ltr'>tlte</span> <span class='ocrx_word' id='word_1_326' title='bbox 635 4705 736 4759; x_wconf 80' lang='lat' dir='ltr'>churcle</span> <span class='ocrx_word' id='word_1_327' title='bbox 747 4707 783 4768; x_wconf 89' lang='lat' dir='ltr'>of</span> <span class='ocrx_word' id='word_1_328' title='bbox 789 4707 829 4759; x_wconf 85' lang='lat' dir='ltr'>St.</span> <span class='ocrx_word' id='word_1_329' title='bbox 844 4706 973 4765; x_wconf 87' lang='lat' dir='ltr'>Clement,</span> <span class='ocrx_word' id='word_1_330' title='bbox 985 4707 1150 4773; x_wconf 69' lang='lat' dir='ltr'>Stamsord]</span> 
     </span>
    </p>
   </div>
   <div class='ocr_carea' id='block_1_9' title="bbox 202 4816 1463 5105">
    <p class='ocr_par' dir='ltr' id='par_1_9' title="bbox 202 4816 1463 5105">
     <span class='ocr_line' id='line_1_39' title="bbox 283 4816 1463 4899; baseline -0.002 -18"><span class='ocrx_word' id='word_1_331' title='bbox 283 4816 458 4899; x_wconf 72' lang='lat' dir='ltr'>[Ssucm]</span> <span class='ocrx_word' id='word_1_332' title='bbox 492 4816 712 4879; x_wconf 75' lang='lat' dir='ltr'>Ccsnsusrs</span> <span class='ocrx_word' id='word_1_333' title='bbox 745 4816 1049 4899; x_wconf 67' lang='lat' dir='ltr'>smsponot-</span> <span class='ocrx_word' id='word_1_334' title='bbox 1066 4818 1229 4899; x_wconf 87' lang='lat' dir='ltr'>Paganus,</span> <span class='ocrx_word' id='word_1_335' title='bbox 1259 4818 1463 4899; x_wconf 82' lang='lat' dir='ltr'>capellanus,</span> 
     </span>
     <span class='ocr_line' id='line_1_40' title="bbox 202 4920 1461 5002; baseline 0.002 -20"><span class='ocrx_word' id='word_1_336' title='bbox 202 4930 414 5002; x_wconf 86' lang='lat' dir='ltr'>presentatus</span> <span class='ocrx_word' id='word_1_337' title='bbox 440 4940 498 5001; x_wconf 93' lang='lat' dir='ltr'>per</span> <span class='ocrx_word' id='word_1_338' title='bbox 524 4920 717 4982; x_wconf 89' lang='lat' dir='ltr'>l’riorissam</span> <span class='ocrx_word' id='word_1_339' title='bbox 741 4930 775 4982; x_wconf 93' lang='lat' dir='ltr'>et</span> <span class='ocrx_word' id='word_1_340' title='bbox 799 4929 1001 4982; x_wconf 89' lang='lat' dir='ltr'>conventum</span> <span class='ocrx_word' id='word_1_341' title='bbox 1028 4921 1142 4986; x_wconf 88' lang='lat' dir='ltr'>Sancti</span> <span class='ocrx_word' id='word_1_342' title='bbox 1168 4921 1341 4984; x_wconf 91' lang='lat' dir='ltr'>Michaelis</span> <span class='ocrx_word' id='word_1_343' title='bbox 1363 4931 1461 4984; x_wconf 88' lang='lat' dir='ltr'>extra</span> 
     </span>
     <span class='ocr_line' id='line_1_41' title="bbox 202 5021 1462 5105; baseline 0.001 -18"><span class='ocrx_word' id='word_1_344' title='bbox 202 5022 372 5087; x_wconf 82' lang='lat' dir='ltr'>Stanlord&#39;</span> <span class='ocrx_word' id='word_1_345' title='bbox 396 5021 439 5084; x_wconf 94' lang='lat' dir='ltr'>ad</span> <span class='ocrx_word' id='word_1_346' title='bbox 465 5021 639 5086; x_wconf 90' lang='lat' dir='ltr'>ecclesiam</span> <span class='ocrx_word' id='word_1_347' title='bbox 665 5022 780 5087; x_wconf 90' lang='lat' dir='ltr'>Sancti</span> <span class='ocrx_word' id='word_1_348' title='bbox 806 5023 989 5087; x_wconf 89' lang='lat' dir='ltr'>Clementis</span> <span class='ocrx_word' id='word_1_349' title='bbox 1012 5024 1045 5086; x_wconf 92' lang='lat' dir='ltr'>in</span> <span class='ocrx_word' id='word_1_350' title='bbox 1070 5024 1265 5105; x_wconf 87' lang='lat' dir='ltr'>Scottegate</span> <span class='ocrx_word' id='word_1_351' title='bbox 1284 5024 1462 5101; x_wconf 83' lang='lat' dir='ltr'>Stansord&#39;‚</span> 
     </span>
    </p>
   </div>
   <div class='ocr_carea' id='block_1_10' title="bbox 0 0 1780 5692">
    <p class='ocr_par' dir='ltr' id='par_1_10' title="bbox 0 0 1780 5692">
     <span class='ocr_line' id='line_1_42' title="bbox 0 0 1780 5692; baseline 0 0"><span class='ocrx_word' id='word_1_352' title='bbox 0 0 1780 5692; x_wconf 95' lang='lat' dir='ltr'> </span> 
     </span>
    </p>
   </div>
  </div>
 </body>
</html>
