3550 5692
573 556 751 653 Episcopi
782 556 1064 629 Lincolniensz's.
1378 576 1418 649 17
1424 580 1443 651 3

191 793 305 857 debita
327 793 369 857 ad
393 794 575 875 prioratum
598 792 641 857 de
661 792 873 869 Witlessord’,
896 803 1071 857 vacantem
1102 813 1143 855 eo
1172 792 1262 875 quod
1289 792 1444 857 dominus

192 898 380 980 Episcopus
393 898 650 979 resignationem
664 896 741 959 Ade
753 896 796 961 de
812 897 931 979 Subyd
944 898 1006 979 ipsi
1020 917 1118 979 super
1133 897 1278 978 prioratu
1295 896 1447 979 predicto

192 1002 388 1084 priusquam
408 1000 497 1064 idem
518 1001 559 1063 A.
575 1001 805 1087 transfretaret
824 1002 983 1078 oblatam,
999 1009 1105 1063 ratam
1122 1000 1239 1063 habuit
1253 1010 1287 1064 et
1305 1012 1446 1083 gratam,

191 1106 287 1168 certis
319 1104 362 1168 de
395 1106 504 1168 causis
540 1105 745 1167 amotionem
783 1105 855 1186 ejus
893 1104 1095 1167 sufficienter
1132 1103 1374 1183 inducentibus,
1411 1118 1446 1170 et

191 1209 340 1273 maxime
359 1220 494 1292 propter
509 1208 612 1290 ipsius
628 1218 794 1271 recentem
810 1209 1096 1284 incontinentiam,
1112 1208 1199 1271 iacta
1216 1210 1305 1288 prius
1321 1230 1380 1291 per
1397 1210 1446 1286 R,

190 1312 474 1375 Archidiaconum
498 1312 570 1388 loci,
593 1312 808 1393 inquisitione
827 1332 927 1393 super
946 1312 1008 1374 hiis
1028 1311 1189 1394 diligenti,
1210 1333 1268 1394 per
1286 1332 1359 1393 que,
1374 1324 1446 1390 etc,

189 1416 231 1479 ad
256 1417 401 1480 eundem
426 1418 608 1499 prioratum
633 1416 798 1479 admissus
821 1426 882 1493 est,
903 1425 937 1479 et
961 1417 994 1477 in
1025 1434 1066 1478 eo
1096 1416 1280 1479 secundum
1302 1417 1443 1481 sormam

188 1529 382 1582 consuetam
399 1519 578 1582 institutus.
626 1519 671 1581 Et
687 1518 884 1582 mandatum
900 1528 952 1583 est
969 1518 1217 1583 Archidiacono
1233 1520 1382 1602 predicto
1398 1530 1446 1597 ut,

188 1634 248 1687 etc.

187 1750 276 1813 [Serio
297 1748 332 1801 de
353 1748 457 1815 Burg0‚
480 1748 570 1806 monk,
585 1748 735 1815 presented
753 1748 851 1815 hythe
871 1747 1017 1815 Asbotos
1034 1746 1246 1815 Peterborough,
1266 1749 1292 1800 is
1311 1748 1449 1801 admitted

257 1831 378 1884 Wardin
388 1832 424 1898 of
430 1830 470 1884 St.
482 1830 612 1882 Michacl
611 1847 628 1882 s
639 1830 746 1897 Pnory,
759 1828 924 1897 Stomsord.]

274 1943 505 2026 [Puronnsus
544 1941 686 2006 Snucsr
725 1942 939 2005 Mrcunnms
979 1939 1366 2022 Ssuusouu'.]-Serlo
1400 1940 1445 2005 de

189 2047 310 2128 Burg0‚
320 2046 512 2121 monachus
522 2053 732 2126 presentatus
748 2064 806 2124 per
823 2043 993 2106 Abbatem
1009 2043 1052 2106 de
1069 2043 1181 2124 Burgo
1197 2042 1239 2105 ad
1256 2044 1442 2107 custodiam

187 2151 352 2231 prioratus
376 2148 491 2213 Sancti
516 2147 690 2209 Michaelis
714 2146 892 2223 Stanford’,
912 2156 1086 2210 vacantem
1107 2166 1166 2228 per
1185 2147 1443 2228 resignationem

189 2254 326 2317 Henrici
349 2252 393 2315 de
412 2250 607 2327 Fiskerton’,
626 2271 728 2331 quam
752 2251 908 2313 dominus
929 2250 1117 2333 Episcopus
1140 2250 1347 2332 approbavit,
1366 2272 1442 2314 cum

186 2358 300 2420 omnia
312 2365 424 2420 essent
439 2357 472 2418 in
485 2353 655 2437 expedito
665 2354 707 2417 ad
724 2356 868 2417 eundem
885 2354 1051 2417 admissus
1066 2363 1126 2429 est,
1137 2364 1171 2417 et
1187 2356 1220 2417 in
1233 2376 1273 2419 eo
1285 2356 1445 2419 canonice

186 2471 298 2524 custos
314 2460 494 2522 institutus
541 2458 586 2521 Et
603 2457 800 2521 mandatum
812 2468 862 2521 est
881 2459 1037 2521 Priorisse
1052 2467 1087 2521 et
1104 2459 1302 2521 monialibus
1318 2459 1442 2522 ibidem

186 2574 224 2627 ut
247 2563 357 2627 eidem
382 2562 536 2626 decetero
559 2572 720 2642 tanquam
745 2561 876 2624 custodi
900 2582 960 2623 suo
984 2561 1195 2624 intendentes
1219 2562 1285 2645 sint
1308 2571 1342 2625 et
1365 2562 1443 2625 obe-

186 2667 324 2730 dientes
373 2666 564 2747 Injunctum
581 2675 632 2728 est
646 2667 747 2727 etiam
763 2666 811 2741 R,
824 2664 1072 2727 Archidiacono
1090 2664 1272 2740 Lincolnie,
1288 2666 1446 2747 presenti,

186 2782 232 2847 ut,
250 2780 311 2833 etc.

185 2940 327 3008 [Wlliam
339 2940 453 3006 Escrop,
465 2954 553 2991 canon
563 2940 599 3007 of
604 2938 733 2998 Elsiram,
746 2938 771 2989 is
781 2937 926 2989 instituted
934 2937 1021 2990 Prior
1029 2938 1064 3005 os
1070 2937 1221 3005 tiresum]

273 3050 505 3133 [PR10RATUS
529 3064 578 3111 DE
604 3048 1071 3130 ELLESHAM.]-Willelmus
1096 3049 1241 3131 Escrop',
1263 3050 1443 3114 canonicus

185 3156 228 3219 de
252 3154 433 3229 Ellesham,
452 3153 578 3217 electus
599 3174 658 3234 per
676 3153 855 3214 canonicos
874 3152 918 3214 de
939 3152 1109 3215 Ellesham
1130 3153 1163 3213 in
1184 3154 1335 3235 priorem,
1355 3154 1442 3219 sacta

185 3259 276 3341 prius
292 3258 507 3340 inquisitione
522 3278 581 3337 per
597 3257 645 3331 R,
659 3256 940 3318 Archidiaconum
960 3255 1141 3331 Lincolnie,
1152 3255 1335 3319 secundum
1351 3258 1442 3339 quod

183 3363 227 3426 de
257 3363 476 3426 electionibus
506 3361 576 3425 fieri
607 3362 787 3436 consuevit,
816 3361 1057 3424 interveniente
1083 3360 1242 3423 Willelmi
1273 3360 1316 3424 de
1347 3362 1442 3439 Dive,

184 3467 314 3529 ratione
335 3468 451 3528 uxoris
470 3486 538 3542 sue,
557 3486 703 3540 assensu,
718 3486 778 3547 per
796 3486 870 3545 que,
889 3474 960 3539 etc,
975 3464 1018 3527 ad
1038 3464 1185 3527 eundum
1201 3464 1367 3528 admissus
1382 3478 1442 3543 est,

184 3580 220 3632 et
240 3571 274 3631 in
291 3591 332 3632 eo
351 3571 510 3632 canonice
532 3569 624 3631 Prior
644 3570 822 3630 institutus.
870 3568 915 3630 Et
936 3568 1133 3631 mandatum
1148 3578 1200 3630 est
1215 3567 1307 3631 dicto
1322 3569 1442 3632 Archi-

184 3672 329 3735 diacono
366 3681 404 3733 ut
437 3672 546 3752 ipsum
584 3671 618 3733 in
655 3671 861 3752 corporalem
892 3670 971 3733 dicti
1003 3671 1167 3751 prioratus
1197 3671 1440 3751 possessionem

184 3774 333 3849 inducat,
348 3784 383 3836 et
397 3775 567 3836 canonicis
582 3773 706 3836 ibidem
723 3773 876 3854 injungat
892 3783 929 3835 ut
944 3774 973 3835 ei
990 3773 1143 3835 decetero
1159 3782 1319 3854 tanquam
1337 3776 1439 3838 Priori

183 3897 245 3939 suo
261 3876 440 3940 intendant
453 3886 488 3938 et
503 3876 671 3939 obediant.

272 4018 342 4103 [On
357 4020 494 4100 thiface
504 4019 574 4101 :-]

558 4156 938 4220 Mamm-Ausus
960 4153 1065 4217 ΧΨ

182 4306 321 4374 [Thomas
329 4307 365 4356 de
374 4305 482 4372 Burg0‚
493 4305 631 4371 chaplain,
638 4305 788 4372 presented
799 4305 888 4372 hythe
899 4306 989 4357 Prior
1001 4304 1062 4356 and
1072 4305 1197 4357 Conveni
1205 4305 1242 4372 os
1248 4304 1440 4373 Bnillington,

248 4388 274 4438 is
284 4386 432 4438 instituted
438 4388 519 4439 vr'car
525 4387 563 4454 os
572 4386 881 4439 Wthanimithe-Hill.
919 4386 975 4439 Tire
985 4388 1116 4454 vicarage
1126 4388 1151 4437 is
1161 4385 1315 4455 desum]

271 4505 449 4587 [Wfflnsl]
471 4505 850 4568 VICAR1n¹-Thomas
871 4505 916 4568 de
940 4506 1060 4587 Burg0‚
1075 4505 1276 4587 capellanus,
1291 4516 1439 4589 present-

183 4618 259 4671 atus
275 4629 336 4690 per
351 4609 498 4670 Priorem
514 4620 549 4669 et
563 4621 765 4671 conventum
781 4607 824 4671 de
840 4607 1061 4690 Bridlington'
1076 4608 1119 4671 ad
1130 4610 1286 4671 vicariam
1301 4608 1440 4671 ecclesie

183 4712 227 4775 de
240 4713 388 4786 Wiham,
398 4711 486 4773 iacta
501 4713 592 4792 prius
607 4713 823 4793 inquisitione
838 4733 898 4793 per
909 4713 957 4787 R,
968 4712 1252 4775 Archidiaconum
1267 4712 1439 4775 Lincolnie

183 4834 361 4897 perquam
381 4816 495 4876 omnia
519 4826 614 4878 erant
634 4817 666 4877 in
686 4816 857 4897 expedito,
872 4816 915 4878 ad
936 4816 1077 4878 eandem
1099 4816 1265 4879 admissus
1279 4826 1340 4891 est,
1354 4826 1389 4878 et
1404 4817 1437 4877 in

490 5012 497 5039 ¹
511 5013 537 5061 Α
548 5013 616 5062 later
628 5012 702 5063 hand
714 5013 765 5063 has
776 5012 868 5062 added
882 5012 1007 5062 “doratio
1019 5012 1140 5063 ricariess
