3550 5692
336 577 347 625 r
357 574 404 647 54
667 550 803 625 Rotnli
825 550 1004 647 Hngonis
1028 550 1073 625 de
1108 551 1240 625 Welles

333 784 478 853 [Rannlpk
493 785 529 839 de
544 785 690 848 Ferren'is,
706 784 787 844 cierk,
801 784 948 851 presented
964 784 1057 853 hythe
1074 785 1205 839 Conntess
1220 786 1256 853 of
1270 784 1386 847 Chester,
1399 785 1424 837 is
1442 784 1586 837 instituted

394 872 421 921 to
431 867 477 920 tlre
487 868 588 921 ctrnrclr
599 868 635 936 os
645 866 854 935 Waddrngton.]

360 990 369 1013 ·
416 977 864 1043 WADINTON'.—Ranulius
882 976 926 1041 de
947 978 1114 1055 Ferrariis,
1129 978 1276 1053 clericus,
1297 987 1506 1060 presentatus
1527 998 1585 1059 per

328 1083 475 1148 nobilem
499 1084 670 1147 mulierem
695 1084 741 1159 B,
764 1082 979 1147 Comitissam
1004 1081 1141 1158 Cestrie,
1157 1080 1200 1145 ad
1223 1082 1397 1145 ecclesiam
1417 1081 1459 1145 de
1480 1080 1583 1145 Wad-

328 1187 455 1270 ington,
475 1186 563 1250 facta
586 1187 676 1269 prius
699 1186 914 1267 inquisitione
938 1205 998 1267 per
1021 1186 1070 1261 R.,
1093 1184 1376 1249 Archidiaconum
1403 1184 1585 1260 Lincolnie,

328 1311 387 1373 per
402 1311 513 1372 quam,
528 1299 599 1365 etc,
614 1289 657 1352 ad
673 1288 815 1352 eandem
834 1288 898 1351 sub
912 1308 1000 1371 pena
1016 1288 1157 1353 Concilii
1173 1288 1339 1353 admissus
1355 1298 1415 1365 est,
1430 1299 1490 1352 etc.
1538 1289 1583 1351 Et

328 1394 525 1457 mandatum
540 1404 592 1457 est
606 1392 698 1456 dicto
714 1392 964 1456 Archidiacono
980 1402 1025 1468 ut,
1037 1402 1099 1455 etc.
1146 1391 1271 1456 Actum
1289 1392 1377 1475 apud
1391 1392 1585 1473 Tinghurst,

327 1498 395 1579 viiij
413 1498 488 1561 idus
504 1498 594 1561 Maii.
645 1496 702 1581 [In
718 1496 772 1560 tire
786 1496 918 1578 margin
933 1495 1002 1579 .·-]
1028 1496 1160 1559 Desunt
1178 1496 1271 1561 litere
1287 1495 1552 1579 presentationis.

327 1655 417 1724 [Joirn
439 1655 472 1708 de
494 1654 636 1717 leonibrts,
654 1654 806 1721 presented
827 1654 860 1722 by
883 1653 930 1705 tire
951 1652 1041 1706 Arbor
1053 1652 1114 1705 and
1137 1652 1263 1731 Conuent
1282 1654 1317 1721 os
1334 1653 1463 1720 L’Essay,
1485 1652 1587 1705 Robert

392 1736 608 1803 annshaving
618 1734 774 1789 renonnced
789 1734 835 1786 iris
851 1734 934 1787 claim
953 1739 981 1787 to
998 1734 1045 1787 tite
1061 1737 1225 1803 patronage,
1238 1735 1298 1786 and
1314 1732 1475 1786 Herbertde
1485 1733 1585 1785 Monte

391 1818 472 1872 Sorel
480 1817 727 1884 inpresentatrbn,
738 1817 763 1869 is
773 1816 920 1869 instituted
927 1822 955 1869 to
966 1815 1011 1869 tlre
1022 1816 1122 1869 cistercii
1134 1817 1170 1884 os
1178 1816 1267 1869 Castle
1280 1816 1412 1883 Carrion]

414 1927 855 2009 KARLETON'.-Magister
883 1926 1055 2008 Johannes
1085 1926 1128 1989 de
1165 1926 1344 2002 Leonibus,
1374 1935 1585 2009 presentatus

327 2053 386 2116 per
397 2032 568 2095 Abbatem
584 2042 618 2095 et
633 2040 835 2094 conventum
848 2029 892 2093 de
909 2030 1084 2112 Exsaquio
1098 2030 1140 2093 ad
1153 2029 1329 2093 ecclesiam
1342 2029 1385 2093 de
1402 2029 1586 2105 Karleton',

326 2135 415 2199 facta
437 2136 528 2218 prius
550 2135 764 2217 inquisitione
787 2155 846 2217 per
870 2134 920 2209 R,
940 2132 1224 2196 Archidiaconum
1251 2133 1432 2209 Lincolnie,
1455 2142 1489 2195 et
1512 2142 1583 2209 tarn

327 2240 476 2302 Roberto
502 2238 600 2321 Lupo
623 2258 724 2320 quam
752 2236 921 2300 Herberto
945 2236 989 2299 de
1017 2236 1135 2300 Monte
1161 2234 1265 2311 Sorel,
1284 2236 1414 2311 clerico,
1430 2235 1494 2316 juri
1521 2254 1585 2296 suo

325 2342 415 2425 quod
439 2363 475 2405 se
498 2343 531 2404 in
547 2340 666 2405 eadem
682 2340 831 2416 ecclesia,
847 2360 933 2403 unus
957 2340 989 2402 in
1006 2338 1235 2415 advocatione,
1252 2338 1335 2401 alius
1360 2340 1488 2401 ratione
1510 2359 1584 2419 pre·

325 2445 521 2509 sentationis
541 2444 584 2507 de
603 2465 644 2507 eo
663 2443 759 2521 facte,
779 2444 902 2506 habere
922 2443 1125 2519 asserebant,
1145 2442 1341 2507 litteratorie
1361 2442 1584 2505 renuncianti-

325 2549 387 2611 bus
399 2570 458 2630 per
472 2568 547 2630 que,
561 2557 631 2624 etc,
643 2547 685 2610 ad
702 2548 845 2611 eandem
861 2546 1027 2609 admissus
1043 2556 1143 2609 estet
1160 2546 1193 2608 in
1209 2566 1249 2609 ea
1264 2546 1425 2608 canonice
1441 2565 1586 2627 persona

325 2653 504 2717 institutus
550 2652 784 2718 Subdiaconus
821 2662 880 2715 est.
929 2650 975 2713 Et
1020 2649 1207 2731 injunctum
1245 2660 1296 2713 est
1334 2649 1425 2712 dicto
1464 2647 1585 2711 Archi-

325 2738 477 2832 diacono,
492 2756 647 2837 presenti,
663 2766 709 2831 ut,
724 2765 785 2818 etc.

325 2912 426 2982 [Hugh
438 2913 472 2966 de
482 2913 602 2973 Paxton,
613 2912 782 2973 snb-deacon
791 2912 939 2979 presented
955 2912 989 2979 by
1006 2912 1098 2980 Hugh
1116 2911 1150 2964 de
1165 2912 1336 2980 Hanngten,
1349 2912 1375 2963 is
1394 2910 1539 2963 instituted
1559 2915 1586 2962 to

389 2996 434 3048 tlte
445 2996 545 3048 chureii
557 2996 592 3063 os
598 2995 777 3063 Arimin]
1626 3009 1628 3013 ·

413 3104 811 3186 ASWARDEBv.-Hugo
845 3104 888 3167 de
925 3102 1078 3179 Paxton'‚
1108 3103 1341 3179 subdiaconus
1372 3112 1584 3185 presentatus

324 3229 383 3290 per
401 3208 583 3290 Hugonem
599 3209 642 3271 de
661 3208 871 3289 Harington',
888 3207 1039 3283 militem,
1056 3207 1098 3269 ad
1114 3207 1289 3271 ecclesiam
1305 3206 1348 3269 de
1364 3205 1585 3287 Aswardeby,

325 3311 412 3374 sacta
449 3312 539 3393 prius
576 3312 792 3393 inquisitione
822 3332 882 3393 per
913 3312 961 3386 R,
994 3310 1279 3374 Archidiaconum
1312 3309 1493 3386 Lincolnie,
1525 3332 1584 3392 per

324 3435 435 3497 quam,
450 3426 521 3491 etc,
537 3415 579 3477 ad
602 3415 745 3478 eandem
770 3415 937 3478 admissus
958 3425 1018 3491 est,
1033 3424 1094 3477 etc.
1142 3414 1187 3477 Et
1213 3413 1399 3495 injunctum
1424 3423 1476 3476 est
1491 3414 1584 3477 dicto

325 3519 572 3582 Archidiacono
588 3529 634 3595 ut,
649 3531 710 3583 etc.

323 3676 425 3746 [Hugh
437 3677 470 3729 de
491 3677 666 3739 Chancumbe,
679 3676 847 3738 serbdeacon,
855 3676 1004 3743 presented
1020 3677 1053 3745 by
1070 3677 1169 3744 Heney
1185 3676 1304 3738 Foliotir,
1316 3676 1341 3728 is
1357 3675 1503 3728 instituted
1519 3680 1547 3728 to
1566 3692 1584 3727 a

382 3759 501 3825 pennen
512 3758 547 3824 of
545 3757 621 3824 four
630 3758 810 3824 markssrom
821 3774 839 3809 a
852 3758 968 3825 mediety
978 3757 1065 3826 ostie
1076 3757 1177 3810 chureii
1189 3758 1225 3824 os
1230 3757 1439 3825 Leasingham]

412 3861 699 3925 Levesmounu’
725 3861 851 3925 SUPER
879 3860 1270 3942 MED1ETATE.-Hug0
1294 3860 1336 3923 de
1355 3859 1583 3933 Chaucumbe,

322 3963 555 4040 subdiaconus
586 3974 796 4045 presentatus
834 3985 893 4046 per
933 3964 1118 4026 Henricum
1158 3963 1302 4041 Folioth,
1334 3964 1462 4026 ratione
1491 3962 1582 4025 dotis

322 4067 437 4129 uxoris
457 4087 527 4143 sue,
544 4066 587 4129 ad
608 4068 804 4149 pensionem
825 4067 898 4149 iiij⁰r
914 4088 1100 4130 marcarum
1117 4067 1160 4130 de
1181 4068 1361 4131 medietate
1381 4066 1519 4130 ecclesie
1539 4066 1582 4128 de

324 4170 608 4252 Levesingeham',
623 4181 798 4233 vacantem
822 4191 863 4233 eo
878 4170 970 4252 quod
985 4171 1013 4252 J.
1030 4170 1072 4233 de
1096 4170 1300 4248 Mundevill',
1317 4171 1452 4233 ultimus
1474 4180 1585 4234 rector

322 4273 482 4354 ejusdem,
498 4273 589 4336 aliud
613 4275 646 4336 in
666 4274 790 4338 diocesi
812 4274 1030 4338 Coventrensi
1051 4274 1176 4357 recepit
1200 4274 1408 4351 beneficium,
1423 4275 1476 4336 cui
1492 4294 1582 4344 cura,

322 4386 392 4452 ete,
415 4375 503 4439 sacta
525 4377 616 4459 prius
639 4378 854 4458 inquisitione
876 4398 936 4460 per
960 4378 1008 4452 R,
1031 4377 1315 4441 Archidiaconum
1342 4377 1525 4453 Lineolnie,
1548 4386 1583 4441 et

322 4480 463 4562 receptis
487 4480 605 4543 litteris
629 4480 791 4545 Officialis
814 4481 1060 4557 Coventrensis,
1076 4500 1135 4562 per
1157 4501 1230 4563 que,
1251 4491 1323 4558 etc,
1341 4482 1507 4544 admissus
1530 4491 1582 4545 est

322 4592 356 4646 et
379 4583 413 4645 in
439 4582 559 4646 eadem
587 4584 767 4647 medietate
794 4604 938 4666 persona
963 4585 1144 4661 institutus
1161 4582 1253 4648 salvo
1278 4584 1413 4667 [blank],
1428 4583 1580 4664 ejusdem

323 4685 513 4749 medietatis
523 4686 646 4749 vicario
659 4686 733 4767 jure
745 4706 815 4763 suo,
827 4688 883 4768 qui
897 4697 1004 4751 totam
1021 4687 1112 4750 illam
1127 4688 1342 4751 medietatem
1355 4686 1483 4750 tenebit
1498 4707 1581 4768 quo-

323 4788 499 4864 advixerit,
515 4788 687 4853 reddendo
711 4789 790 4853 inde
815 4789 907 4853 dicto
935 4790 979 4853 H.
1005 4800 1039 4853 et
1064 4791 1309 4855 successoribus
1336 4792 1412 4867 suiS,
1427 4790 1579 4871 ejusdem

324 4891 514 4956 medietatis
539 4895 698 4976 personis,
724 4894 794 4975 iiij⁰²
819 4914 948 4957 marcas
973 4914 1102 4957 annuas
1132 4895 1269 4959 nomine
1299 4896 1476 4978 pensionis.
1535 4896 1580 4957 Et

323 4995 509 5077 injunctum
526 5006 576 5059 est
593 4996 849 5073 Archidiacon0‚
865 4997 1020 5079 presenti,
1035 5006 1081 5075 ut,
1097 5007 1157 5061 etc.
