3550 5692
574 550 753 647 Episcopi
783 550 1068 627 Lincolm'ensis.
1380 558 1448 643 169

191 782 331 853 [Willtitm
348 782 382 836 de
400 782 535 853 Οηηιεὸγ,
545 783 841 862 ,σΙιαρἱἱπψνιεικέιιί
853 784 887 853 by
902 784 1021 837 Thomas
1036 784 1070 837 de
1092 784 1253 851 Wudetorp’,
1271 785 1452 839 isimtituted

256 869 283 916 to
294 864 339 917 tlte
349 864 449 917 churclr
460 864 497 933 of
503 865 544 918 St.
555 864 645 922 Peter.
656 865 814 935 Fasforth]

280 984 736 1049 FAREFORD'.-Willelmus
759 984 801 1049 de
825 985 1001 1067 Ormesby,
1017 984 1217 1068 capellanus,
1238 995 1447 1067 presentatus

192 1108 251 1171 per
270 1087 437 1151 Thomam
454 1086 497 1150 de
513 1086 717 1169 Wudetorp'‚
733 1088 882 1164 militem,
898 1087 941 1151 ad
961 1088 1135 1155 ecclesiam
1150 1087 1275 1152 'Sancti
1301 1089 1387 1153 Petri
1405 1088 1447 1153 de

194 1189 368 1266 Faresord',
385 1190 473 1254 facta
488 1191 579 1273 prius
595 1191 808 1273 inquisitione
823 1211 882 1272 per
899 1192 947 1267 R,
964 1191 1248 1255 Archidiaconum
1266 1191 1447 1269 Lincolnie,

194 1314 379 1375 perquam,
394 1293 516 1370 etc.,ad
533 1293 674 1357 eandem
691 1294 856 1359 admissus
870 1304 931 1371 est,
941 1316 1016 1357 curn
1033 1315 1142 1373 onere,
1151 1304 1212 1359 etc.
1259 1296 1304 1358 Et
1320 1295 1446 1377 injunc-

192 1406 263 1460 tum
280 1406 330 1460 est
346 1396 437 1461 dicto
454 1397 710 1474 Archidiac0n0,
724 1398 878 1480 presenti,
894 1407 939 1475 ut,
952 1409 1012 1463 etc.

187 1566 330 1635 [Geoffrey
339 1566 373 1618 de
386 1566 567 1634 Wulrm'kiby,
578 1567 717 1634 chaplain,
723 1567 873 1633 presented
880 1567 965 1635 hythe
976 1568 1063 1620 Prior
1071 1568 1132 1619 and
1142 1568 1269 1621 Conveni
1277 1570 1313 1635 of
1320 1568 1445 1632 Sixitills,

254 1650 279 1699 is
289 1648 435 1700 instituted
444 1649 526 1701 vator
533 1650 569 1716 of
576 1648 651 1701 East
664 1649 828 1713 illicitam]

277 1767 440 1831 Vrcnarn
463 1782 512 1829 os
538 1767 994 1832 Esrwrcrsnur.-Galfridus
1018 1767 1059 1831 de
1083 1768 1313 1851 Wulurikeby,
1337 1769 1444 1851 capel-

191 1868 293 1947 lanuS,
304 1879 513 1952 presentatus
529 1892 588 1953 per
605 1871 749 1934 Priorem
763 1880 796 1934 et
808 1880 1010 1935 conventum
1024 1871 1066 1934 de
1083 1871 1177 1936 Sixle
1189 1872 1232 1935 ad
1249 1884 1443 1955 perpetuam

188 1972 344 2034 vicariam
368 1972 410 2035 de
426 1972 660 2057 *Estwikhamss
676 1972 763 2035 sacta
780 1974 869 2055 prius
886 1975 1099 2055 inquisitione
1123 1996 1181 2056 per
1205 1976 1253 2051 R,
1271 1975 1445 2039 Archidia-

188 2095 311 2137 conum
344 2076 524 2153 Lincolnie,
548 2097 608 2157 per
633 2097 743 2158 quarn,
764 2085 835 2153 etc,
856 2077 897 2139 ad
926 2078 1067 2140 eandem
1095 2078 1260 2141 admissus
1284 2088 1344 2155 est,
1368 2100 1443 2141 cum

188 2198 297 2254 onere,
323 2189 383 2242 etc.
439 2180 484 2241 Et
514 2180 701 2261 injunctum
732 2189 782 2242 est
812 2179 903 2242 dicto
935 2179 1189 2258 ArchidiaconO,
1217 2183 1370 2263 presenti,
1397 2192 1443 2259 ut,

187 2275 249 2327 etc.

190 2412 331 2481 [Rz'citarci
344 2413 481 2481 chaplain,
490 2414 638 2481 presented
650 2415 740 2483 hythe
755 2415 843 2468 Prior
855 2416 916 2467 ancl
933 2414 1059 2469 Conveni
1073 2416 1109 2483 os
1121 2415 1247 2483 Markby,
1265 2416 1290 2467 is
1301 2417 1447 2469 instituted

253 2497 334 2547 vicar
347 2497 383 2562 of
394 2496 509 2563 Binis]

275 2615 438 2677 VICARIA
461 2628 512 2677 DE
536 2615 946 2693 BILLESBY.-RicarduS‚
956 2616 1155 2697 capellanuS,
1165 2626 1373 2699 presentatus
1386 2639 1445 2700 per

191 2718 336 2780 Priorem
367 2726 401 2780 et
431 2727 633 2781 conventum
664 2718 707 2781 de
738 2718 905 2801 Markeby
928 2718 971 2781 ad
999 2730 1193 2803 perpetuam
1221 2722 1376 2783 vicariam
1401 2722 1444 2785 de

190 2821 346 2903 Billesby‚
362 2820 450 2884 sacta
466 2823 556 2903 prius
577 2823 790 2905 inquisitione
810 2844 869 2905 per
889 2824 938 2899 R,
954 2823 1237 2888 Archidiaconum
1263 2825 1444 2901 Lincolnie,

189 2945 373 3007 perquam,
389 2935 458 3001 etc,
474 2925 517 2987 ad
538 2927 680 2989 eandem
702 2926 866 2989 admissus
886 2936 937 2990 est
956 2948 1031 2990 curn
1053 2948 1161 3005 onere,
1177 2939 1236 2992 etc.
1283 2929 1444 2993 Consistit

186 3037 299 3091 autern
317 3028 389 3109 ipsa
404 3028 526 3091 vicaria
541 3039 578 3091 ut
593 3030 627 3090 in
644 3030 752 3091 rotulo
767 3030 970 3093 vicariatum.
1018 3030 1063 3093 Et
1079 3031 1275 3094 mandatum
1292 3042 1342 3095 est
1354 3032 1444 3095 dicto

190 3130 437 3194 Archidiacono
453 3140 499 3208 ut,
514 3142 574 3195 etc.

187 3280 298 3349 [Ralplt
310 3281 605 3349 chaploimpresented
618 3282 652 3350 by
662 3284 708 3335 tite
723 3283 813 3337 Abbot
826 3284 888 3336 and
905 3284 1030 3338 Conveni
1044 3287 1080 3353 of
1097 3286 1243 3351 Waltham,
1262 3288 1287 3339 is
1303 3288 1446 3340 instituted

251 3366 332 3415 vicar
340 3364 375 3427 of
386 3361 527 3431 Wrangle.
565 3364 592 3416 Τ
588 3364 622 3416 iu
633 3365 764 3433 vicarage
775 3367 800 3417 is
810 3366 968 3435 described]

273 3484 438 3547 Vrcnurn
471 3496 521 3545 os
557 3483 958 3548 Wusuoc’.-Radulfus
996 3486 1038 3549 de
1076 3470 1213 3571 [blank]‚
1243 3489 1443 3569 capellanus,

187 3597 397 3670 presentatus
413 3608 471 3670 per
487 3586 657 3650 Abbatem
674 3597 708 3651 et
720 3600 921 3652 conventum
938 3589 981 3653 de
997 3590 1176 3655 Waltham'
1188 3591 1230 3654 ad
1247 3604 1441 3674 perpetuam

187 3690 343 3752 vicariam
358 3690 497 3754 ecclesie
512 3689 555 3753 de
571 3689 727 3773 Wrengl’,
743 3692 831 3755 sacta
847 3694 937 3776 prius
954 3694 1166 3774 inquisitione
1182 3715 1240 3776 per
1260 3696 1307 3772 R,
1325 3696 1442 3758 Archi-

185 3791 364 3856 diaconum
391 3794 572 3871 Lincolnie,
595 3815 653 3878 per
676 3815 787 3875 quarn,
801 3806 872 3872 etc,
887 3797 931 3860 ad
952 3797 1093 3860 eandem
1110 3798 1275 3861 admissus
1289 3809 1349 3875 est,
1365 3820 1441 3863 cum

187 3915 294 3973 onere,
310 3906 371 3961 etc.
417 3896 579 3962 Consistit
601 3908 713 3960 autern
738 3899 809 3981 ipsa
824 3900 948 3963 vicaria
966 3901 998 3963 in
1015 3901 1170 3963 omnibus
1186 3901 1442 3965 obventionibus

184 3999 300 4063 altaris
326 4010 436 4081 preter
461 3999 609 4065 decimas
636 4001 714 4063 salis
738 4012 773 4065 et
797 4002 871 4079 feni,
897 4013 931 4066 et
961 4003 1131 4067 reddendo
1161 4004 1204 4068 de
1233 4005 1442 4069 ordinatione

183 4102 312 4166 domini
334 4104 493 4187 Episcopi
513 4104 669 4188 predictis
687 4105 813 4169 Abbati
834 4116 868 4169 et
888 4109 1067 4170 conventui
1086 4128 1145 4191 per
1164 4108 1312 4190 singulos
1336 4129 1441 4172 annos

184 4206 351 4270 csolidos
394 4207 439 4270 Et
455 4206 650 4271 mandatum
668 4218 718 4272 est
734 4208 824 4272 dicto
841 4209 1088 4273 Archidiacono
1104 4222 1150 4288 ut,
1162 4221 1223 4274 etc.
1262 4212 1441 4275 Admissus

184 4319 236 4371 est
250 4322 364 4373 autem
380 4330 456 4373 cum
476 4311 538 4375 hac
554 4313 803 4394 protestatione,
818 4312 909 4393 quod
925 4334 984 4395 per
999 4314 1071 4395 ejus
1086 4315 1324 4377 admissionem
1340 4314 1441 4379 nichil

178 4413 264 4493 juris
280 4426 446 4481 accrescat
461 4414 559 4478 dictis
575 4415 703 4479 Abbati
718 4426 752 4478 et
768 4418 946 4480 conventui
962 4419 995 4480 in
1012 4418 1150 4481 ecclesia
1167 4429 1358 4482 memorata.

181 4582 323 4645 [Wiliam
342 4584 378 4635 de
394 4584 530 4648 Netelton,
550 4586 627 4652 after
642 4559 727 4653 moisy
738 4585 867 4652 disputes,
884 4587 910 4637 is
928 4587 1073 4639 instituted
1089 4593 1115 4640 to
1132 4587 1193 4640 both
1205 4589 1335 4655 portioris
1350 4589 1386 4655 of
1396 4588 1442 4641 tite

225 4711 228 4716 .
248 4665 395 4733 charchas
406 4666 481 4719 Wcst
490 4666 602 4735 Rosea]

272 4785 699 4849 WESTRASN’.-Vacante
721 4788 872 4869 portione
891 4808 992 4868 quarn
1014 4788 1201 4853 Willelmus
1220 4788 1263 4852 de
1284 4790 1439 4852 Fraxinis

182 4887 302 4951 ultimo
325 4891 431 4951 tenuit
455 4890 488 4951 in
511 4890 650 4953 ecclesia
672 4890 715 4954 de
738 4890 948 4967 Westrasen’,
977 4891 1164 4955 Willelmus
1186 4892 1229 4957 de
1261 4894 1439 4971 Netelton’‚

178 4992 383 5075 capellanus,
393 5013 451 5076 per
467 4994 613 5056 Priorem
629 5003 663 5057 et
679 5003 880 5058 conventum
899 4993 1022 5059 Sancte
1038 4996 1211 5060 Trinitatis
1226 4996 1269 5061 de
1286 4997 1439 5060 Eboraco
