3550 5692
334 575 402 643 144
671 550 807 623 Rotnli
830 549 1007 648 Hugonz's
1032 550 1076 623 de
1110 550 1242 624 Welles

328 784 431 854 [Hugh
446 784 481 836 de
494 783 609 851 Merley,
626 784 707 836 vicar
719 784 756 851 of
770 782 854 836 Little
871 782 990 847 Ponton,
1005 783 1155 851 presented
1169 783 1203 851 by
1219 782 1354 837 Baldwin
1370 783 1404 837 de
1425 783 1544 845 Pontou,
1562 784 1588 835 is

393 864 540 920 instituted
542 868 650 933 parson
662 864 750 933 ostiu
759 880 836 917 sante
846 863 970 932 charein]

417 986 545 1049 PARVA
562 982 891 1065 PANTON’.-Hugo
906 982 950 1047 de
967 982 1104 1066 Merley,
1113 982 1253 1046 vicarius
1268 983 1407 1048 ecclesie
1420 983 1464 1048 de
1481 984 1589 1047 Parva

330 1091 479 1165 Panton',
509 1098 719 1171 presentatus
757 1107 816 1171 per
846 1085 1076 1151 Baldewinum
1108 1086 1152 1152 de
1183 1088 1332 1164 Panton',
1364 1088 1513 1165 militem,
1543 1087 1586 1150 ad

330 1202 544 1277 personatum
581 1189 732 1272 ejusdem
770 1189 918 1266 ecclesie,
948 1189 1036 1253 iacta
1074 1190 1165 1273 prius
1204 1190 1418 1271 inquisitione
1448 1211 1507 1273 per
1538 1190 1591 1264 R,

330 1296 614 1362 Archidiaconum
631 1294 812 1370 Lincolnie,
828 1314 887 1377 per
902 1314 1013 1376 quam,
1028 1303 1099 1371 etc,
1114 1291 1279 1356 admissus
1294 1304 1355 1370 est,
1370 1304 1403 1357 et
1419 1294 1452 1357 in
1468 1292 1587 1356 eadem

328 1400 468 1465 ecclesia
497 1398 657 1463 canonice
686 1418 828 1481 persona
857 1398 1038 1461 institutus.
1094 1397 1139 1461 Et
1169 1398 1356 1480 injunctum
1387 1408 1438 1461 est
1469 1397 1590 1461 Archi-

329 1503 481 1579 diacono,
496 1501 650 1584 presenti,
665 1510 711 1577 ut,
725 1509 787 1564 etc.
834 1500 913 1562 Non
929 1499 1091 1565 habemus
1107 1499 1218 1563 literas
1234 1501 1498 1583 presentationis.

331 1689 484 1757 [Paulinus
499 1687 533 1740 de
548 1688 656 1749 Sation,
668 1687 805 1755 ctaplain,
818 1686 968 1753 presented
980 1686 1071 1755 hythe
1081 1685 1170 1739 Abbot
1184 1686 1245 1739 and
1260 1686 1387 1740 Convent
1400 1687 1436 1754 of
1448 1687 1589 1755 Bardney,

395 1773 420 1825 is
430 1772 577 1825 instituted
583 1772 704 1839 verare]
714 1770 881 1839 Edlington.
919 1770 977 1823 Tite
986 1770 1119 1838 vrearage
1129 1770 1154 1822 is
1164 1770 1321 1839 described]

419 1905 873 1971 EDL1NGTON'.-Paulinus
900 1905 943 1969 de
965 1905 1107 1983 Sutton',
1129 1905 1354 1989 cappellanus,
1379 1915 1591 1988 presentatus

330 2032 389 2095 per
405 2010 575 2075 Abbatem
598 2020 633 2075 et
656 2019 860 2074 conventum
884 2010 928 2073 de
948 2009 1124 2091 Bardeney
1147 2009 1190 2073 ad
1214 2020 1407 2092 perpetuem
1431 2010 1588 2073 vicariam

330 2115 470 2181 ecclesie
504 2114 548 2179 de
582 2113 785 2197 Edlington',
816 2113 905 2178 iacta
935 2114 1025 2197 prius
1056 2114 1270 2196 inquisitione
1300 2134 1360 2197 per
1390 2114 1439 2191 R.,
1469 2115 1591 2178 Archi-

330 2220 508 2283 diaconum
537 2218 719 2294 Lincolnie,
744 2238 803 2301 per
827 2238 939 2299 quam,
964 2228 1034 2294 etc,
1058 2216 1100 2281 ad
1122 2217 1265 2281 eandem
1286 2217 1450 2281 admissus
1469 2229 1529 2295 est,
1555 2229 1589 2283 et

332 2324 365 2387 in
380 2343 421 2386 ea
439 2342 515 2385 cum
539 2341 640 2385 onere
662 2330 696 2385 et
712 2340 799 2403 pena
820 2322 1017 2383 vicariorum
1034 2321 1182 2384 'vicarius
1198 2332 1378 2404 perpetuus
1397 2323 1589 2399 institutus;

329 2427 423 2491 salva
437 2425 563 2489 eisdem
577 2424 705 2489 Abbati
720 2434 754 2488 et
769 2425 948 2488 conventui
965 2425 1141 2489 decadem
1157 2445 1269 2488 annua
1284 2427 1384 2489 trium
1402 2447 1587 2489 marcarum

332 2530 501 2614 pensione,
519 2550 595 2591 cum
618 2548 693 2591 eam
718 2529 932 2610 probaverint
955 2549 1027 2591 esse
1049 2526 1199 2591 debitam
1219 2538 1254 2591 et
1273 2530 1455 2610 antiquam.
1501 2529 1588 2594 Con·

331 2635 418 2699 sistit
433 2642 545 2697 autem
561 2632 652 2695 dicta
668 2632 791 2695 vicaria
807 2632 840 2693 in
857 2631 1013 2694 omnibus
1030 2631 1167 2694 minutis
1182 2630 1321 2695 decimis
1336 2642 1371 2696 et
1382 2633 1589 2696 obventioni-

332 2739 395 2801 bus
425 2737 527 2800 totius
558 2735 723 2818 parochie,
749 2744 784 2799 et
808 2734 842 2797 in
867 2743 955 2797 terra
979 2733 1126 2812 ecclesie,
1150 2744 1184 2797 et
1208 2735 1241 2797 in
1266 2736 1422 2799 omnibus
1449 2735 1522 2799 aliis
1547 2735 1589 2799 ad

333 2841 496 2925 prefatam
512 2839 687 2903 ecclesiam
704 2837 950 2921 pertinentibus
967 2847 1076 2919 preter
1090 2836 1255 2902 decimam
1271 2840 1449 2920 garbarum
1465 2850 1500 2904 et
1515 2840 1591 2903 feni.

333 2945 411 3008 Fuit
431 2953 544 3007 autem
564 2943 687 3006 vicaria
709 2942 774 3005 ista
797 2943 953 3005 ordinata
976 2962 1034 3025 per
1056 2951 1171 3005 sancte
1195 2942 1431 3007 recordationis
1454 2944 1587 3007 beatum

335 3049 527 3130 Hugonem,
558 3048 776 3129 Episcopum,
805 3056 839 3109 et
870 3046 960 3109 valet
990 3055 1120 3128 septem
1147 3066 1285 3123 marcas
1309 3056 1346 3111 ut
1370 3046 1498 3111 dicitur.
1545 3048 1589 3109 Et

333 3151 529 3215 mandatum
546 3160 597 3214 est
612 3150 704 3214 dicto
720 3148 970 3213 Archidiacono
987 3160 1032 3228 ut,
1047 3160 1108 3214 etc.

332 3357 467 3423 [Thomas
477 3357 512 3408 de
522 3356 612 3419 Hem,
624 3354 793 3415 suideacon.
809 3354 957 3421 presented
964 3355 997 3423 by
1007 3354 1053 3407 tite
1063 3355 1152 3408 Abbot
1160 3355 1221 3407 and
1231 3354 1357 3408 Convent
1365 3356 1401 3423 os
1409 3356 1553 3425 Croyland,
1566 3357 1590 3409 is

397 3438 543 3493 instituted
551 3443 578 3490 to
589 3437 634 3490 the
645 3437 745 3490 chureii
757 3437 793 3504 of
802 3436 933 3505 Gedney.]

421 3555 867 3623 GEDDENEva—Thomas
896 3555 940 3620 de
973 3556 1088 3632 Horn',
1118 3556 1350 3634 subdiaconus
1381 3567 1591 3639 presentatus

334 3683 393 3746 per
403 3662 574 3725 Abbatem
590 3670 624 3723 et
639 3670 842 3723 conventum
855 3658 898 3723 de
911 3659 1089 3742 Croyland'
1102 3659 1144 3723 ad
1157 3661 1330 3724 ecclesiam
1343 3660 1387 3724 de
1398 3660 1593 3743 Geddeney,

335 3766 423 3830 sacta
438 3766 528 3849 prius
543 3764 758 3846 inquisitione
774 3784 834 3847 per
850 3764 899 3840 R,
911 3763 1195 3828 Archidiaconum
1214 3764 1395 3842 Lincolnie,
1408 3786 1467 3848 per
1481 3784 1589 3848 quam,

334 3881 405 3946 etc,
434 3868 600 3932 admissus
636 3878 697 3945 est,
726 3878 761 3932 et
799 3868 833 3929 in
873 3888 914 3930 ea
951 3868 1112 3930 canonice
1149 3888 1291 3950 persona
1321 3868 1500 3932 institutus
1547 3870 1590 3931 Et

334 3972 512 4036 inhibitum
550 3982 601 4035 est
633 3971 742 4035 eidem
775 3971 908 4033 Thome
947 3971 1009 4033 sub
1038 3970 1153 4035 debito
1180 3971 1360 4053 juramenti
1391 3974 1520 4054 prestiti
1550 3993 1594 4035 ne

336 4077 516 4160 permittat,
528 4085 692 4158 quantum
705 4076 738 4138 in
753 4096 793 4138 eo
805 4084 865 4151 est,
877 4074 967 4156 quod
980 4075 1061 4138 dicti
1074 4075 1282 4139 monachide
1295 4076 1443 4157 predicta
1454 4076 1592 4139 eoelesia

335 4181 513 4262 quicquam
546 4179 730 4261 percipiant
758 4178 866 4241 donec
891 4197 1002 4240 coram
1027 4176 1166 4240 domino
1192 4178 1371 4261 Episcopo,
1396 4178 1448 4243 vel
1474 4179 1591 4241 Archi·

335 4284 477 4347 diacono
503 4282 688 4359 Lincolnie,
710 4282 752 4345 de
780 4282 854 4363 jure
884 4302 946 4344 suo
976 4282 1009 4343 in
1039 4281 1101 4343 hac
1126 4292 1221 4364 parte
1250 4284 1442 4346 summatim
1473 4284 1591 4347 saltem

335 4387 516 4450 docuerint.
565 4387 610 4449 Et
627 4385 824 4449 mandatum
840 4396 893 4450 est
907 4384 999 4448 dicto
1015 4384 1262 4449 Archidiacono
1278 4397 1324 4463 ut,
1340 4396 1400 4451 etc.

256 4530 261 4541 1
336 4573 444 4642 [lomes
454 4573 488 4625 de
499 4572 662 4632 Brettevilt.
675 4571 813 4638 ciaplain,
826 4570 975 4639 presented
989 4570 1022 4639 by
1032 4570 1133 4624 Robert
1145 4572 1180 4625 de
1189 4572 1389 4638 arcitenens
1405 4573 1554 4627 instituted
1568 4580 1597 4628 to

401 4655 447 4707 tire
457 4654 555 4721 chapel
564 4655 600 4721 of
609 4653 726 4721 Gunby.]

424 4771 815 4854 noussen-jacobus
831 4771 874 4835 de
892 4771 1081 4848 Brettevill',
1097 4772 1297 4854 capellanus,
1310 4783 1521 4856 presentatus
1537 4796 1597 4859 per

338 4878 523 4941 Robertum
546 4877 589 4940 de
614 4875 802 4952 Brettevill’,
819 4874 968 4951 militem,
989 4875 1031 4938 ad
1055 4876 1216 4958 capellam
1241 4877 1284 4940 de
1306 4877 1484 4959 Gunneby,
1507 4878 1598 4943 sacta

338 4983 429 5065 prius
446 4981 660 5063 inquisitione
679 5000 738 5063 per
754 4980 805 5056 R.,
821 4979 1106 5043 Archidiaconum
1124 4980 1306 5059 Lincolnie,
1322 5002 1381 5065 per
1398 5002 1509 5064 quam,
1525 4993 1598 5059 etc,
