3550 5692
592 573 771 671 Episcopi
802 574 1088 649 Lz'ucolnz'euse’s.
1417 601 1465 668 99

207 808 348 876 [Richard
361 808 501 876 chapldin,
507 808 656 876 presented
669 808 759 877 hythe
774 824 850 861 senne
861 810 898 861 A.
910 809 1037 862 Marcell
1047 809 1108 862 and
1119 809 1153 877 by
1168 809 1292 863 Wllianr
1302 810 1337 863 de
1346 809 1466 866 Brauce·

271 889 349 953 weit,
362 890 388 942 is
397 889 543 943 instituted
550 891 631 943 vicar
638 890 674 958 of
680 890 820 943 Rowston.
858 890 916 943 The
926 891 1057 959 vicarage
1067 892 1093 943 is
1102 890 1259 960 described]

296 1000 499 1065 meoun’:
533 1000 770 1065 Rouvusnou'
807 1001 1198 1079 V1cnn1A.-Ricardus,
1238 1002 1463 1086 cappellanus,

207 1114 417 1186 presentatus
433 1125 491 1187 per
506 1104 650 1169 eundem
668 1104 711 1169 A.
730 1105 885 1182 Marcell’,
901 1114 972 1181 etc,
988 1114 1166 1187 patronum
1190 1107 1290 1169 trium
1317 1108 1462 1190 partium

206 1207 344 1271 ecclesie
366 1206 409 1271 de
433 1206 635 1285 Rolveston’,
658 1217 692 1272 et
715 1229 774 1291 per
799 1209 998 1291 Magistrum
1023 1208 1230 1273 Willelmum
1254 1210 1297 1274 de
1321 1211 1463 1275 Brance-

206 1310 297 1388 well',
327 1332 504 1395 personam
536 1322 652 1394 quarte
683 1313 787 1395 partis
822 1313 973 1395 ejusdem
1004 1313 1151 1390 ecclesie,
1187 1313 1228 1377 ad
1265 1324 1461 1397 perpetuam

206 1416 363 1479 vicariam
387 1415 490 1499 ipsius
513 1416 659 1492 ecclesie,
682 1416 871 1481 ordinatam
896 1417 1094 1481 auctoritate
1117 1417 1256 1482 Concilii
1281 1417 1462 1498 Generalis,

206 1517 294 1581 facta
309 1519 523 1601 inquisitione
543 1540 602 1602 per
622 1519 683 1595 W,
704 1519 989 1583 Archidiaconum
1015 1519 1198 1597 Lincolnie,
1218 1519 1384 1584 admissus
1404 1532 1463 1599 est,

205 1631 238 1685 et
268 1623 302 1685 in
333 1642 373 1686 ea
403 1623 543 1685 vicarius
573 1632 754 1706 perpetuus
784 1624 964 1687 institutus
1028 1623 1103 1706 Que
1135 1624 1287 1688 consistit
1323 1626 1355 1688 in
1387 1636 1459 1689 toto

205 1725 366 1809 alteragio
395 1728 498 1790 totius
529 1727 676 1804 ecclesie,
709 1738 742 1791 et
773 1727 806 1790 in
837 1728 984 1810 quodam
1015 1729 1101 1791 tosto
1131 1728 1343 1811 assignando
1367 1739 1401 1794 et
1428 1731 1462 1793 in

204 1828 344 1893 decimis
367 1831 466 1894 trium
491 1830 687 1894 bovatarum
711 1840 797 1895 terre
820 1852 864 1895 ex
887 1842 983 1914 parte
1005 1832 1282 1913 Templariorum,
1304 1842 1338 1896 et
1365 1832 1463 1896 unius

206 1934 328 1997 bovate
342 1942 428 1997 terre
443 1955 487 1997 ex
505 1943 599 2017 parte
616 1934 770 2015 Magistri
786 1935 849 2011 W,
859 1955 1009 2017 persone,
1022 1944 1056 1998 et
1072 1955 1300 1999 successorum
1317 1957 1461 2002 suorum.

207 2037 297 2101 Dicti
322 2048 434 2101 autem
459 2037 641 2121 Templarii
660 2048 694 2101 et
713 2038 878 2122 Magister
894 2037 956 2115 W,
976 2058 1036 2121 pro
1059 2039 1127 2101 suis
1151 2038 1360 2122 portionibus
1386 2061 1460 2123 pro·

206 2140 444 2222 portionaliter,
478 2142 592 2204 omnia
626 2162 728 2205 onera
757 2142 925 2205 ordinaria
959 2142 1045 2205 illius
1079 2141 1217 2205 ecclesie
1250 2143 1462 2207 sustinebunt

206 2253 316 2326 preter
342 2243 515 2320 sinodalia,
531 2265 597 2326 que
624 2245 765 2307 vicarius
789 2245 963 2328 persolvet.
1010 2245 1056 2309 Et
1083 2245 1269 2328 injunctum
1296 2256 1347 2310 est
1370 2246 1461 2310 dicto

207 2347 455 2411 Archidiacono
472 2348 654 2425 Lincolnie,
670 2349 824 2431 presenti,
839 2357 909 2412 etc:

207 2499 323 2566 [Wan'n
333 2499 368 2551 de
378 2500 491 2566 Muncy‚
498 2497 648 2565 presented
653 2498 686 2566 by
694 2498 739 2551 tlte
749 2497 902 2551 Pnorand
908 2497 1034 2550 Conveni
1042 2498 1147 2566 onye,
1160 2498 1278 2566 Snffolk,
1287 2500 1312 2551 is
1320 2500 1466 2553 instituted

271 2585 299 2633 to
310 2580 355 2633 tite
366 2580 523 2648 nudisuoj
534 2578 579 2632 tire
591 2579 692 2632 church
703 2581 739 2647 of
749 2578 895 2633 Welbourn
907 2578 998 2632 which
1010 2579 1047 2631 E.
1059 2579 1092 2632 de
1102 2580 1202 2633 Melles
1213 2579 1272 2632 irad
1286 2580 1369 2649 edd]

295 2683 499 2748 meoeu':
522 2683 795 2746 Wmuuouunn
818 2682 1226 2765 uumerus-Magister
1241 2683 1398 2747 Warinus
1418 2684 1461 2749 de

208 2788 345 2871 Muncy‚
361 2796 571 2869 presentatus
587 2806 645 2868 per
662 2786 808 2850 Priorem
825 2796 859 2850 et
874 2795 1076 2849 conventum
1092 2785 1135 2849 de
1152 2786 1227 2867 Eya
1242 2785 1284 2849 ad
1302 2787 1461 2853 medieta-

205 2901 273 2955 tem
317 2890 455 2955 ecclesie
494 2890 537 2955 de
577 2888 800 2967 Welleburne‚
838 2909 940 2971 quam
985 2890 1147 2971 Magister
1183 2889 1220 2953 E.
1256 2889 1298 2954 de
1334 2892 1462 2969 Melies,

206 2995 463 3076 crucesignatus,
473 2994 590 3070 tenuit,
602 3014 677 3056 cum
691 3014 750 3075 per
764 3003 867 3056 testes
882 2992 949 3056 fide
963 2992 1084 3075 dignos
1100 3002 1134 3056 et
1148 2992 1277 3073 juratos
1294 3005 1461 3060 constaret

206 3100 345 3163 domino
362 3099 533 3182 Episcopo
549 3099 658 3180 ipsum
677 3098 715 3161 E.
732 3099 765 3162 in
781 3097 850 3161 sata
869 3097 1017 3173 cessisse,
1037 3108 1114 3179 post
1134 3097 1382 3178 inquisitionem
1403 3118 1463 3180 per

207 3205 269 3281 W,
294 3202 578 3266 Archidiaconum
608 3201 791 3279 Lincolnie,
821 3222 921 3283 super
945 3201 1001 3263 illa
1028 3200 1209 3265 medietate
1240 3201 1373 3278 factam,
1403 3224 1462 3285 per

207 3328 307 3391 quam
331 3308 503 3390 negotium
523 3306 585 3370 fuit
606 3306 638 3368 in
662 3305 833 3388 expedit0,
852 3305 1018 3368 admissus
1037 3313 1096 3381 est,
1121 3313 1156 3367 et
1180 3306 1213 3367 in
1237 3325 1277 3369 ea
1301 3308 1461 3370 canonice

207 3431 348 3495 persona
363 3411 543 3474 institutus.
590 3409 635 3473 Et
651 3408 837 3490 injunctum
853 3417 905 3471 est
920 3407 1011 3472 dicto
1028 3407 1285 3486 Archidiacon0,
1301 3411 1457 3491 presenti,

207 3514 306 3599 quod,
322 3524 383 3579 etc.

206 3667 315 3737 [Philip
326 3666 360 3719 de
373 3665 527 3727 civeniae,
539 3664 617 3725 clerk,
625 3662 774 3730 presented
781 3662 815 3731 ty
825 3661 924 3729 Philip
935 3662 968 3715 de
981 3661 1086 3730 Oresby,
1096 3662 1242 3730 guardian
1259 3663 1295 3729 os
1300 3663 1345 3715 the
1360 3663 1423 3716 heir
1431 3665 1467 3732 of

273 3748 378 3801 Gilbert
385 3747 420 3800 de
430 3745 594 3808 Lekeburne,
602 3745 628 3797 is
639 3743 782 3797 instituted
790 3748 817 3796 to
827 3759 846 3795 o
857 3742 973 3811 medrety
983 3743 1019 3809 os
1025 3742 1070 3795 tiu
1081 3742 1181 3797 chureii
1193 3743 1229 3810 ff
1235 3742 1417 3812 lugbeum]

295 3846 498 3913 meouu’:
523 3847 760 3910 Luneuunnu
777 3846 1196 3929 usmarus—Philippus
1211 3845 1254 3910 de
1271 3846 1459 3926 coventria,

205 3955 352 4030 clericus,
382 3960 592 4035 presentatus
622 3971 681 4032 per
699 3950 892 4033 Philippum
917 3948 960 4012 de
982 3949 1123 4033 Oresby,
1143 3949 1363 4031 justiciarium
1381 3950 1460 4014 Ces-

207 4067 361 4132 trensem,
382 4054 425 4117 ad
453 4052 668 4118 medietatem
692 4053 830 4117 ecclesie
852 4052 896 4115 de
922 4051 1129 4129 Lekeburne,
1153 4053 1280 4116 ratione
1310 4053 1460 4118 custodie

206 4171 291 4226 terre
305 4168 340 4222 et
355 4157 486 4222 heredis
503 4156 643 4222 Gilberti
660 4156 702 4221 de
720 4156 927 4233 Lekeburne,
947 4155 1035 4219 sacta
1055 4156 1145 4239 prius
1167 4156 1381 4238 inquisitione
1401 4179 1460 4241 per

206 4264 268 4341 W,
284 4260 567 4325 Archidiaconum
586 4260 767 4337 Lincolnie,
783 4280 841 4343 per
856 4280 968 4343 quam,
983 4269 1054 4337 etc,
1064 4259 1230 4323 admissus
1245 4272 1305 4337 est,
1320 4270 1354 4324 et
1370 4262 1404 4324 in
1419 4283 1459 4326 ea

206 4366 365 4431 canonice
381 4384 523 4447 persona
538 4364 719 4441 institutus,
730 4364 777 4427 ita
792 4363 882 4445 quod
900 4362 942 4427 ad
960 4364 1132 4446 proximos
1148 4362 1282 4427 ordines
1297 4366 1409 4428 veniat
1425 4366 1458 4428 in

206 4470 448 4534 subdiaconum
471 4466 684 4531 ordinandus.
716 4466 781 4531 'Et
804 4468 991 4549 injunctum
1015 4476 1066 4530 est
1088 4466 1179 4530 dicto
1203 4466 1459 4547 Archidiacon0,

205 4585 285 4639 tunc
301 4572 456 4657 presenti,
471 4581 509 4635 ut
525 4570 707 4635 secundum
725 4571 866 4642 sormam
882 4571 1090 4654 premissam,
1104 4580 1166 4634 etc.

206 4732 319 4798 [noem
326 4730 360 4783 ee
368 4712 525 4796 campane,
536 4729 615 4792 clere,
622 4727 771 4796 presented
784 4729 817 4796 ey
835 4729 959 4781 meream
970 4728 1004 4781 ee
1019 4728 1167 4792 Manneby,
1186 4728 1211 4780 rs
1225 4729 1370 4781 eraserunt
1377 4735 1404 4783 u
1414 4731 1459 4784 ue

268 4812 370 4867 enurch
381 4811 417 4879 os
422 4811 549 4879 Mandu]

293 4912 492 4977 LINCOLN':
516 4912 933 4977 urrunnu-Robertus
957 4911 1000 4975 de
1025 4911 1208 4995 Campvill’‚
1224 4912 1369 4991 clericus,
1385 4935 1457 4997 pre-

205 5028 355 5086 sentatus
380 5038 439 5102 per
461 5016 667 5082 Willelmum
690 5017 733 5080 de
757 5015 930 5100 Manneby
946 5015 988 5079 ad
1011 5017 1186 5080 ecclesiam
1210 5017 1253 5080 de
1277 5018 1458 5102 Manneby,

1345 5140 1365 5177 ll
1377 5140 1393 5178 2
