3550 5692
585 586 764 684 Episcopi
793 586 1077 661 Lincolnr'ensz's.
1388 608 1454 681 135

203 818 343 883 [Willinm
358 820 392 873 de
402 821 477 886 Hui,
490 822 569 885 clerte,
576 822 724 890 presented
737 823 770 891 by
784 822 906 876 Thomas
916 823 950 875 de
960 820 1080 885 Multon,
1092 822 1194 890 astera
1204 820 1313 889 despecte
1323 820 1405 875 about
1413 820 1459 875 the

262 906 428 971 patronage,
440 905 466 957 is
475 905 621 958 instituted
628 911 656 958 to
666 905 712 958 the
721 904 820 960 cknrclt
831 905 867 970 os
878 904 1037 969 Holbeacle.]

293 1022 762 1088 HOLEBECH'.-Willelmus
793 1022 836 1087 de
868 1023 954 1100 Hal’,
984 1023 1130 1100 clericus,
1161 1032 1371 1107 presentatus
1402 1041 1461 1104 per

204 1122 389 1187 Dominum
401 1126 568 1189 Thomam
578 1126 622 1191 de
638 1127 790 1204 Multon’,
801 1126 950 1204 militem,
961 1126 1006 1189 ad
1016 1127 1190 1191 ecclesiam
1206 1124 1249 1189 de
1268 1123 1461 1201 Holebech’,

202 1226 290 1291 facta
306 1230 397 1309 prius
412 1231 626 1311 inquisitione
641 1252 701 1313 per
716 1232 766 1307 R,
778 1230 1064 1294 Archidiaconum
1081 1228 1264 1305 Lincolnie,
1277 1248 1336 1311 per
1349 1246 1461 1310 quam,

201 1341 272 1408 etc,
296 1335 459 1416 susceptis
481 1335 583 1397 etiam
606 1335 723 1398 litteris
747 1334 885 1397 Domini
911 1335 1022 1417 Regis,
1038 1334 1128 1417 quod
1149 1334 1304 1397 convenit
1321 1332 1354 1395 in
1370 1332 1461 1395 curia

201 1436 306 1516 ipsius
329 1458 442 1500 coram
463 1438 654 1519 justiciariis
673 1440 740 1501 suis
762 1438 851 1521 apud
869 1439 1216 1514 westmonasterium,
1233 1434 1460 1500 interdictum

202 1538 371 1603 Thomam
396 1540 439 1604 de
463 1541 633 1619 Muleton'‚
649 1551 829 1624 petentem,
844 1551 878 1605 et
903 1541 1095 1618 Radulfum‚
1118 1542 1264 1605 Priorem
1287 1539 1330 1603 de
1354 1540 1461 1623 Spau-

202 1644 291 1726 ling',
313 1644 551 1726 inpedientem
573 1644 616 1707 de
646 1645 865 1710 advocatione
890 1646 1016 1728 prefate
1039 1645 1177 1709 ecclesie
1200 1645 1243 1709 de
1269 1642 1463 1721 Holebech',

201 1747 293 1810 unde
309 1748 469 1830 placitum
486 1747 547 1810 fuit
563 1749 649 1811 inter
663 1769 720 1811 eos
736 1749 769 1811 in
787 1748 916 1831 prefata
930 1750 1029 1826 curia,
1045 1750 1180 1826 scilicet,
1189 1748 1279 1831 quod
1293 1748 1463 1831 predictus

204 1852 299 1914 Prior
328 1852 521 1933 recognovit
550 1851 804 1915 advocationem
835 1852 984 1934 predicte
1013 1852 1151 1916 ecclesie
1180 1872 1253 1915 esse
1278 1851 1332 1934 jus
1359 1850 1462 1934 ipsius

204 1954 346 2030 Thome,
365 1963 399 2017 et
418 1953 508 2016 illam
528 1955 654 2017 remisit
674 1963 707 2017 et
723 1955 870 2037 quietam
887 1954 1045 2018 clamavit
1060 1954 1102 2018 de
1118 1975 1153 2018 se
1169 1964 1203 2018 et
1218 1953 1463 2018 successoribus

204 2058 272 2120 suis
303 2058 366 2139 ipsi
394 2058 526 2120 Thome
552 2067 586 2121 et
612 2058 792 2121 heredibus
816 2060 883 2121 suis
909 2059 1160 2140 inperpetuum;
1187 2066 1220 2121 et
1247 2056 1394 2121 Martino
1420 2055 1464 2119 de

207 2160 385 2224 Pateshull’
408 2146 647 2244 presentationi
671 2184 730 2225 sue
755 2161 979 2238 renunciante,
1006 2162 1171 2226 admissus
1201 2171 1261 2239 est,
1286 2172 1320 2225 et
1351 2161 1384 2223 in
1415 2180 1464 2237 ea,

204 2266 267 2327 sub
284 2286 371 2347 pena
387 2265 535 2343 Concilii,
551 2268 710 2330 canonice
734 2288 875 2350 persona
898 2267 1078 2331 institutus,
1125 2266 1170 2331 Et
1194 2266 1389 2329 mandatum
1413 2275 1465 2328 est

205 2368 296 2430 dicto
314 2368 561 2432 Archidiacono
576 2380 622 2447 ut,
637 2381 698 2434 etc.

205 2562 335 2629 [Walten
347 2562 485 2629 chaplain,
492 2564 643 2629 presented
651 2565 684 2631 by
699 2564 824 2617 Wiliam
834 2562 869 2616 de
879 2564 1031 2628 Albinium,
1049 2565 1073 2617 is
1089 2564 1235 2617 instituted
1248 2563 1358 2617 Mnster
1371 2562 1407 2631 os
1419 2560 1465 2615 tite

270 2643 405 2710 Hospitol
413 2646 449 2712 os
460 2644 623 2712 Uffington.]

294 2763 741 2843 UFFINTON'.-Walterus,
750 2766 976 2849 cappellanus,
986 2775 1197 2848 presentatus
1207 2785 1266 2848 per
1279 2764 1463 2828 Dominum

207 2868 413 2932 Willclmum
444 2868 487 2933 de
514 2870 694 2933 Albiniaco
720 2869 762 2932 ad
791 2868 969 2951 Hospitale
995 2868 1038 2932 de
1066 2868 1237 2946 Uffinton’,
1262 2868 1350 2931 lacta
1374 2866 1464 2950 prius

206 2973 421 3055 inquisitione
452 2995 511 3056 per
541 2971 590 3051 R,
621 2972 906 3037 Archidiaconum
945 2973 1127 3051 Lincolnie,
1157 2992 1216 3057 per
1252 2992 1364 3057 quam,
1393 2981 1464 3049 etc,

207 3075 373 3139 admissus
394 3087 447 3140 est
468 3077 512 3141 ad
536 3077 627 3154 illud,
649 3088 683 3141 et
699 3078 732 3140 in
748 3098 788 3140 eo
804 3078 964 3141 canonice
981 3078 1143 3160 Magister
1158 3077 1349 3155 institutus;
1372 3074 1464 3139 salva

207 3180 416 3243 ordinatione
449 3181 530 3244 dicti
565 3180 803 3243 Archidiaconi
837 3182 871 3243 in
905 3180 1025 3245 eodem
1060 3179 1228 3263 Hospitali
1267 3180 1464 3244 auctoritate

208 3284 346 3346 Domini
371 3283 531 3366 Episcopi
555 3283 714 3347 facienda
762 3284 808 3347 Et
826 3282 1024 3347 mandatum
1043 3293 1094 3348 est
1109 3283 1200 3348 dicto
1217 3282 1464 3347 Archidiacono

208 3397 252 3465 ut,
267 3399 329 3451 etc.
377 3387 568 3452 Habuimus
583 3390 676 3452 vivas
691 3410 790 3452 voces
805 3410 866 3472 pro
882 3390 1129 3472 presentatione
1144 3398 1178 3453 et
1194 3388 1415 3471 inquisitione.

207 3583 325 3650 [Henry,
336 3583 467 3650 chaplos'n
477 3583 663 3651 ofRobertde
672 3584 738 3645 Roe,
745 3584 896 3652 presented
904 3584 937 3652 by
952 3584 1001 3644 W..
1018 3588 1106 3637 rector
1119 3584 1155 3653 os
1165 3584 1212 3637 tlte
1228 3582 1362 3651 Hoeptnl
1375 3582 1411 3651 os
1423 3582 1463 3636 St.

274 3665 401 3728 Thomas,
412 3665 449 3733 os
454 3666 562 3729 Briton,
574 3665 837 3729 northumberland
848 3667 875 3719 is
884 3665 1031 3719 imtituted
1039 3670 1066 3719 to
1076 3664 1231 3719 ductaret
1242 3666 1278 3733 os
1283 3664 1435 3732 serenan]

293 3782 771 3866 [SRHESTUN'.]-Henricus,
811 3785 1028 3867 cappellanus
1071 3784 1209 3849 Domini
1248 3782 1386 3847 Roberti
1420 3782 1463 3848 de

208 3887 289 3963 Roz,
306 3898 516 3969 presentatus
531 3908 592 3970 per
605 3888 669 3965 W,
683 3887 928 3971 cappellanum,
952 3888 1130 3952 Rectorem
1158 3886 1344 3971 Hospitalis
1368 3886 1463 3951 Beati

205 3990 338 4052 Thome
354 3990 502 4053 Martiris
519 3990 564 4054 de
580 3991 742 4068 Boelton'‚
756 3992 799 4055 ad
814 3993 989 4056 ecclesiam
1005 3991 1049 4056 de
1064 3990 1246 4068 Srbestun’,
1262 3990 1350 4055 facta
1373 3991 1463 4074 prius

205 4094 420 4176 inquisitione
449 4115 509 4177 per
539 4096 589 4172 R,
619 4096 904 4159 Archidiaconum
944 4095 1126 4173 Lincolnie,
1156 4115 1215 4179 per
1243 4114 1355 4178 quarn,
1391 4104 1463 4172 etc„

205 4197 372 4260 admissus
386 4208 447 4273 est,
467 4208 503 4261 et
521 4198 555 4261 in
574 4219 616 4261 ea
634 4200 795 4262 canonice
813 4217 956 4281 persona
979 4199 1159 4263 institutus.
1206 4198 1252 4263 Et
1274 4198 1461 4281 injunctum

204 4311 255 4364 est
270 4300 363 4364 dicto
379 4301 629 4366 Archidiacono
645 4313 692 4379 ut,
706 4312 768 4366 etc
814 4303 846 4365 N
849 4322 893 4366 on
909 4302 1072 4367 habemus
1088 4303 1346 4385 inquisitionem.

156 4480 161 4489 ’
205 4514 999 4583 [Ricmnrnmnmnnmpmesyen
1015 4514 1178 4568 eonem
1191 4514 1318 4569 convm
1331 4514 1368 4583 os
1381 4514 1463 4583 croy·

268 4594 940 4665 indommnnectmtnnasneyq

290 4710 726 4795 [RATHEBY.}-Ricardus
736 4714 781 4778 de
793 4713 997 4792 Fordinton',
1007 4714 1242 4793 subdiaconus,
1252 4726 1462 4801 presentatus

204 4834 263 4897 per
278 4815 451 4879 Abbatem
464 4827 501 4879 et
513 4816 748 4901 con[ventum]
766 4817 947 4901 Croylend’
961 4818 1005 4883 ad
1027 4818 1204 4883 ecclesiam
1227 4819 1271 4884 de
1294 4818 1461 4902 Ratheby,

204 4918 294 4981 iacta
306 4919 399 5000 prius
412 4920 629 5001 inquisitione
642 4942 703 5005 per
718 4922 769 4998 R,
784 4920 1069 4985 Archidiaconum
1091 4922 1273 4999 Lincolnie,
1296 4920 1461 4986 Nicholao

203 5023 307 5085 etiam
321 5021 367 5085 de
381 5023 550 5107 Ratbeby,
560 5026 618 5107 qui
632 5025 679 5088 ab
692 5025 789 5089 initio
801 5044 840 5089 se
853 5025 1022 5109 opposuit,
1035 5024 1173 5090 tandem
1190 5026 1223 5089 in
1237 5024 1313 5109 jure
1326 5044 1461 5111 compe·
