3550 5692
334 574 402 644 190
521 588 525 598 ι
671 496 807 625 Rotae·
830 548 1008 648 fregona
1032 550 1076 623 ee
1112 544 1244 621 neres

323 788 444 860 [Walter
452 788 486 841 de
499 788 665 855 Genneterp,
677 784 815 855 chaplain,
822 785 972 854 presented
984 785 1018 855 by
1028 786 1073 839 tlte
1089 784 1220 851 Priores
1234 782 1401 845 Covenham,
1408 784 1522 851 praetor
1528 781 1586 850 ser

388 870 434 923 the
445 870 534 923 Abbot
541 871 577 938 os
582 869 725 938 Kan'leplr,
738 871 764 922 is
774 867 920 922 instituted
928 874 955 922 to
966 868 1011 921 the
1022 866 1123 921 chureii
1135 866 1171 933 os
1176 865 1216 919 St.
1228 864 1321 933 Many,
1336 863 1515 933 Cavendum]

412 980 564 1047 Sancta
589 981 717 1044 Manus
741 994 791 1043 oa
816 976 1259 1047 CovuuuAM.-Walterus
1290 972 1333 1039 de
1364 974 1583 1057 Germetorp’,

324 1085 523 1169 capellanus,
540 1093 749 1167 presentatus
773 1105 832 1167 per
856 1085 1003 1147 Priorem
1020 1082 1063 1146 de
1079 1080 1283 1157 Covenham,
1299 1078 1488 1161 generalem
1505 1100 1582 1161 pro-

323 1198 509 1252 curatorem
526 1188 671 1252 Abbatis
688 1188 803 1253 Sancti
827 1186 976 1270 Cayileli,
992 1186 1034 1253 ad
1058 1185 1233 1249 ecclesiam
1259 1184 1383 1248 Sancte
1407 1182 1514 1245 Marie
1536 1180 1581 1245 de

325 1291 529 1368 Covenham,
556 1292 643 1355 facta
668 1292 758 1374 prius
786 1292 999 1374 inquisitione
1029 1310 1088 1372 per
1115 1288 1164 1364 R,
1189 1285 1474 1350 Archidiaconum
1502 1286 1581 1348 Lin-

324 1396 440 1472 colnie,
456 1417 515 1479 per
529 1416 640 1479 quam,
656 1406 726 1473 etc,
741 1396 784 1458 ad
800 1395 942 1459 eandem
960 1393 1125 1457 admissus
1143 1400 1203 1467 est,
1224 1410 1300 1453 cum
1320 1410 1420 1454 onere
1437 1399 1471 1453 et
1494 1409 1582 1473 pena

324 1500 529 1563 vicariorum.
577 1500 622 1563 Et
638 1500 835 1563 mandatum
851 1508 902 1563 est
918 1497 1009 1561 dicto
1028 1494 1274 1559 Archidiacono
1289 1504 1334 1564 ut,
1350 1502 1412 1557 etc.

325 1667 417 1737 [John
433 1668 467 1723 de
486 1668 671 1729 Colsteweetlt,
683 1670 820 1738 cneptain,
828 1667 977 1737 presented
991 1667 1025 1735 by
1039 1666 1163 1720 Wlliam
1175 1664 1208 1719 de
1219 1664 1377 1733 Ingoldeby‚
1389 1679 1476 1717 canon
1493 1663 1583 1729 ostiu

390 1751 535 1805 Prebenda
556 1752 732 1819 Aquilonarls'
749 1756 782 1804 at
801 1750 967 1811 Gmntham,
988 1750 1013 1801 is
1034 1747 1179 1802 instituted
1194 1748 1274 1800 vetar
1290 1747 1325 1814 os
1341 1744 1388 1799 tlte
1405 1760 1487 1797 same.
1525 1744 1582 1797 The

388 1832 722 1903 vrbanageisdesnibed]

411 1942 588 2007 GRAHAM'
611 1942 1011 2026 VICARIA.¹-J0hannes
1041 1940 1084 2005 de
1115 1939 1354 2016 Colsteworth',
1381 1938 1582 2022 capellanus

325 2056 535 2129 presentatus
565 2068 624 2131 per
650 2047 857 2111 Willelmum
888 2048 932 2111 de
964 2044 1160 2128 lngoldeby,
1187 2044 1384 2107 canonicum
1413 2040 1582 2125 prebende

323 2148 524 2229 aquilonaris
547 2150 590 2214 de
613 2151 780 2228 Graham',
795 2151 838 2214 ad
855 2152 958 2234 ipsius
977 2149 1145 2232 prebende
1160 2148 1325 2223 vicariam,
1342 2146 1581 2223 interveniente

323 2252 520 2316 venerabilis
535 2254 638 2336 patris
654 2255 781 2318 domini
800 2255 847 2330 R,
865 2254 1033 2337 Episcopi,
1049 2262 1083 2317 et
1100 2250 1245 2333 Capituli
1263 2249 1579 2316 Sarresberiensium

323 2376 470 2432 assensu,
487 2356 575 2420 facta
599 2359 688 2440 prius
712 2359 926 2439 inquisitione
950 2379 1008 2440 per
1028 2357 1077 2433 R,
1095 2355 1378 2420 Archidiaconum
1400 2353 1581 2428 Lincolnie,

324 2479 504 2542 perquam,
516 2471 586 2537 etc,
598 2461 641 2524 ad
655 2461 796 2526 eandem
810 2461 976 2525 admissus
987 2470 1047 2537 est,
1058 2471 1118 2524 etc.
1159 2459 1205 2523 Et
1218 2457 1414 2521 mandatum
1427 2466 1478 2521 est
1490 2456 1581 2520 dicto

325 2548 629 2642 Archidiacono'ut,
640 2575 701 2629 etc.
736 2565 907 2642 Consistit,
917 2575 1039 2639 autem,
1050 2565 1121 2646 ipsa
1132 2563 1252 2626 vicaria
1268 2563 1301 2624 in
1317 2571 1389 2625 tota
1401 2561 1580 2625 medietate

322 2666 561 2731 obventionum
592 2679 626 2733 et
658 2671 859 2732 minutarum
887 2668 1092 2732 decimarum
1119 2667 1232 2730 altaris
1257 2665 1396 2729 ecclesie
1421 2665 1464 2728 de
1487 2664 1579 2729 Gun-

320 2770 461 2857 wareby,
477 2782 511 2835 et
527 2773 560 2835 in
576 2774 732 2836 omnibus
747 2771 1004 2836 obventionibus
1020 2782 1054 2835 et
1070 2771 1206 2834 minutis
1222 2769 1361 2833 decimis
1377 2767 1578 2851 capellarum

321 2872 364 2937 de
382 2874 612 2959 Lundestorp’,
630 2876 806 2952 Herrierb',
823 2874 1059 2958 Dunnestorp’,
1075 2873 1175 2937 salvis
1191 2894 1208 2937 c
1225 2872 1339 2935 solidis
1356 2872 1398 2935 de
1422 2871 1579 2955 predictis

321 2978 470 3061 partibus
486 2980 637 3061 ejusdem
653 2980 822 3063 prebende
837 2981 999 3043 canonico
1015 2979 1188 3043 annuatim
1206 2976 1433 3060 percipiendis.

321 3145 417 3215 [Peter
425 3148 459 3202 de
468 3149 615 3208 Bedinten.
623 3150 773 3218 presented
780 3150 813 3218 by
823 3150 868 3203 tlte
879 3150 1037 3203 Abietand
1048 3149 1175 3202 Conveni
1183 3148 1219 3215 os
1229 3148 1256 3199 T
1252 3147 1388 3214 ripholme.
1401 3147 1426 3199 is
1436 3145 1583 3199 instituted

385 3230 595 3380 ‘goddinctllurm
615 3234 651 3299 of
665 3232 788 3323 Stueten.
822 3233 849 3284 Α
863 3232 984 3299 pensiore
1003 3232 1127 3300 resforty
1146 3230 1282 3297 stillings
1300 3230 1325 3283 is
1343 3227 1474 3282 received
1489 3233 1516 3281 to
1536 3228 1580 3284 the

408 3420 796 3487 STRATTON’.-Petrus
827 3423 870 3487 de
902 3422 1087 3499 Bedinton',
1117 3419 1253 3504 [blank],
1284 3430 1494 3503 presentatus
1521 3440 1579 3503 per

320 3523 492 3588 Abbatem
509 3535 544 3590 et
560 3536 761 3591 conventum
778 3527 822 3591 de
838 3526 1061 3609 Thupeholm'
1078 3527 1120 3590 ad
1144 3524 1317 3589 ecclesiam
1341 3523 1384 3587 de
1408 3524 1578 3600 Stratton'‚

319 3627 407 3691 facta
423 3630 512 3711 prius
528 3630 742 3712 inquisitione
759 3652 818 3713 per
835 3631 882 3708 R,
897 3629 1180 3694 Archidiaconum
1201 3628 1381 3704 Lincolnie,
1394 3648 1453 3710 per
1467 3648 1578 3710 quam,

318 3742 390 3808 etc,
405 3732 447 3795 ad
469 3732 611 3796 eandem
635 3733 801 3797 admissus
824 3743 884 3810 est,
907 3744 978 3809 etc,
996 3732 1059 3795 sub
1081 3753 1170 3815 pena
1194 3730 1353 3808 Conci'lii3
1377 3730 1476 3794 salvis
1501 3730 1578 3794 inde

319 3834 418 3899 dictis
435 3835 562 3899 Abbati
583 3847 616 3899 et
639 3848 805 3900 conventu
823 3836 1046 3918 quadraginta
1069 3835 1183 3899 solidis
1206 3836 1324 3897 annuis
1348 3835 1484 3899 nomine
1506 3855 1576 3917 per-

320 3940 411 4021 petui
442 3938 592 4002 beneficii
619 3940 760 4021 (habent
790 3951 898 4003 cartas
929 3941 1056 4004 domini
1086 3949 1120 4003 et
1150 3938 1310 4021 capituli),
1337 3939 1363 4000 si
1394 3938 1575 4021 capitulum

321 4041 494 4106 Lincolnie
510 4063 607 4105 suum
618 4043 661 4106 ad
678 4043 711 4106 id
727 4044 916 4108 adhibuerit
933 4064 1112 4108 assensum.
1160 4044 1205 4106 Et
1221 4041 1407 4122 injunctum
1420 4052 1471 4105 est
1487 4042 1576 4105 dicto

320 4145 575 4222 ArchidiaconO,
592 4149 747 4229 presenti,
763 4158 808 4225 ut,
824 4158 884 4212 etc.

320 4313 442 4383 [Walter
456 4314 490 4367 de
508 4314 626 4384 Hareby,
639 4316 777 4384 chdplain,
789 4318 941 4386 presented
957 4317 990 4385 by
1006 4318 1051 4369 tite
1067 4280 1157 4370 Peter·
1167 4316 1228 4368 and
1244 4315 1420 4384 Conventus
1435 4315 1535 4383 Cadey,
1552 4315 1576 4367 is

383 4398 529 4451 instituted
536 4400 617 4451 vicar
625 4400 661 4467 of
667 4399 767 4468 Digby.
805 4400 832 4451 T
828 4400 863 4453 he
873 4402 1006 4468 vicarage
1016 4400 1042 4452 is
1052 4399 1207 4468 described]

404 4506 608 4590 [D1]GGEBY
631 4510 1016 4575 VICARIA.-Walterus
1040 4509 1082 4573 de
1111 4509 1259 4592 Hareby,
1282 4509 1482 4591 capellanus,
1505 4529 1575 4592 pre-

320 4609 470 4674 sentatus
486 4632 545 4693 per
568 4613 714 4676 Priorem
731 4623 765 4677 et
788 4624 990 4677 conventum
1006 4614 1048 4677 de
1065 4613 1184 4677 Cattel'
1200 4612 1242 4675 ad
1260 4613 1415 4676 vicariam
1439 4612 1576 4675 ecclesie

318 4714 361 4777 de
385 4714 552 4798 Diggeby‚
576 4716 665 4779 facta
687 4718 776 4799 prius
802 4718 1014 4799 inquisitione
1040 4738 1098 4800 per
1123 4718 1171 4794 R,
1187 4716 1481 4803 Archidiaconum
1495 4716 1575 4779 ·Lin-

320 4817 436 4895 colnie,
452 4840 512 4901 per
526 4840 637 4902 quam,
653 4831 723 4896 etc,
740 4820 782 4883 ad
806 4822 948 4885 eandem
965 4822 1129 4884 admissus
1145 4831 1196 4884 est
1219 4841 1294 4883 cum
1311 4840 1411 4883 onere
1433 4830 1467 4883 et
1491 4839 1576 4902 pena

522 5017 529 5047 ¹
544 5014 605 5068 The
618 5018 691 5069 later
702 5017 776 5069 hand
789 5018 839 5070 has
851 5018 944 5072 added
958 5018 1089 5073 “borialis
1102 5019 1202 5073 vicarie
1215 5016 1372 5073 ordinatld.
