3550 5692
345 534 412 620 176
678 528 813 601 Rotule'
835 528 1014 626 Hugone's
1039 528 1083 603 de
1118 528 1251 602 Welles

340 764 623 829 Archidiaconum
641 764 823 841 Lincolnie,
839 784 1025 847 perquam,
1040 776 1110 839 etc..
1126 764 1168 829 ad
1184 765 1327 829 eandem
1343 766 1517 829 ecclesiam
1535 766 1596 831 ad-

340 870 459 933 missus
474 879 525 933 est
541 867 603 931 sub
618 886 706 950 pena
715 866 864 931 Concilii.
905 868 951 933 Et
967 868 1163 933 mandatum
1177 879 1228 932 est
1243 868 1334 933 dicto
1345 868 1596 933 Archidiacono

339 982 386 1051 ut,
401 982 462 1037 etc.

338 1106 446 1173 [Rehtle
456 1106 490 1159 de
506 1104 684 1173 Wade‘ngten,
696 1104 834 1171 ceaplain.
841 1104 991 1172 presented
998 1104 1032 1174 hy
1041 1106 1087 1159 the
1098 1106 1186 1159 Pn'er
1194 1106 1255 1159 and
1266 1106 1392 1159 Convent
1400 1107 1436 1174 of
1442 1106 1556 1170 Nocten,
1570 1108 1597 1159 is

402 1188 549 1241 imtituted
555 1188 637 1239 vicar
645 1188 681 1255 ef
687 1186 825 1239 Dunsten.
863 1186 921 1239 The
931 1188 1063 1255 vicarage
1074 1189 1100 1239 is
1110 1187 1268 1251 described]

424 1280 654 1364 [D]UNSTON’
673 1280 1057 1345 VICARIA.-Radulsus
1083 1281 1126 1346 de
1147 1282 1372 1364 Wadington’,
1392 1283 1594 1365 capellanus,

338 1394 548 1467 presentatus
563 1404 622 1467 per
638 1386 785 1447 Priorem
801 1394 835 1447 et
851 1394 1057 1448 conventum
1073 1385 1116 1449 de
1133 1386 1164 1449 N
1167 1386 1301 1449 oketon'
1317 1385 1361 1449 ad
1377 1387 1534 1449 vicariam
1551 1388 1595 1449 de

338 1489 514 1564 Dunston',
529 1488 617 1551 sacta
632 1489 722 1571 prius
738 1488 953 1571 inquisitione
968 1509 1027 1571 per
1043 1489 1092 1565 R,
1109 1488 1393 1553 Archidiaconum
1412 1490 1595 1567 Lincolnie,

337 1608 396 1675 per
414 1612 534 1676 quam,
553 1602 623 1667 etc,
642 1592 685 1655 ad
705 1590 847 1655 eandem
874 1591 1041 1655 admissus
1060 1603 1120 1668 est,
1141 1604 1212 1669 etc,
1232 1614 1308 1657 cum
1329 1614 1430 1657 onere
1452 1604 1486 1656 et
1506 1614 1594 1675 pena

337 1697 542 1771 vicariorum,
557 1705 619 1759 etc.
665 1696 835 1770 Consistit,
850 1705 973 1772 autem,
988 1696 1061 1777 ipsa
1076 1697 1197 1759 vicaria
1219 1697 1252 1759 in
1270 1696 1449 1759 medietate
1464 1697 1595 1761 decime

337 1799 486 1863 omnium
510 1799 687 1881 garbarum
710 1799 797 1861 illius
821 1799 993 1882 parrochie
1015 1810 1049 1863 et
1072 1800 1105 1862 in
1133 1810 1206 1863 tota
1228 1810 1316 1864 terra
1339 1802 1525 1882 pertinente
1548 1802 1591 1865 ad

336 1904 520 1980 ecclesiam,
542 1912 576 1966 et
598 1904 632 1965 in
655 1912 727 1965 toto
750 1903 922 1985 aitaragi0,
945 1913 979 1967 et
1003 1904 1036 1965 in
1060 1903 1215 1967 omnibus
1240 1904 1376 1966 minutis
1399 1903 1538 1969 decimis
1558 1916 1593 1968 et

337 2006 600 2069 obventionibus
648 2006 693 2069 Et
709 2005 907 2070 mandatum
924 2017 974 2069 est
991 2007 1081 2070 dicto
1097 2007 1346 2070 Archidiacono
1362 2017 1407 2084 ut,
1422 2018 1483 2070 etc.

337 2165 475 2234 [Richard
488 2165 513 2217 le
530 2164 674 2232 Flemeng,
691 2164 860 2227 sub-deaeen,
873 2166 1024 2231 presented
1038 2166 1133 2234 hythe
1148 2166 1237 2219 Abbot
1250 2165 1311 2218 and
1327 2167 1453 2219 Conveni
1466 2168 1502 2235 of
1522 2168 1549 2218 Τ
1546 2172 1594 2235 up-

402 2247 499 2310 teelme,
512 2248 538 2298 is
545 2246 690 2299 enste'tuted
698 2252 725 2298 to
735 2261 753 2297 a
763 2246 840 2298 sixth
846 2248 960 2313 penten
972 2248 1003 2299 e'n
1015 2248 1060 2300 tie
1071 2248 1171 2301 charete
1180 2248 1216 2316 of
1221 2248 1403 2315 Broeklesby]

423 2357 689 2441 [BROCHMEBY]
712 2356 759 2438 vja
779 2357 1149 2441 port[io]¹.-Magister
1169 2357 1332 2422 Ricardus
1357 2359 1388 2422 le
1413 2360 1593 2441 Flemeng',

337 2462 570 2537 subdiaconus,
579 2470 789 2543 presentatus
806 2481 864 2543 per
876 2460 1047 2525 Abbatem
1065 2472 1099 2525 et
1116 2471 1318 2525 conventum
1335 2462 1378 2525 de
1394 2460 1594 2544 Tupeholm'

337 2565 378 2629 ad
395 2575 527 2628 sextam
545 2566 732 2647 portionem
748 2565 782 2626 in
797 2564 938 2627 ecclesia
953 2564 995 2627 de
1012 2564 1232 2646 Brochmeby,
1248 2565 1335 2628 facta
1352 2566 1442 2647 prius
1458 2566 1593 2647 inquisi-

336 2671 427 2733 tione
447 2688 506 2751 per
526 2669 574 2745 R,
591 2668 876 2732 Archidiaconum
898 2668 1080 2744 Lincolnie,
1098 2689 1157 2751 per
1176 2688 1288 2749 quam,
1303 2678 1374 2745 etc,
1390 2669 1433 2732 ad
1450 2669 1592 2749 eandem

337 2774 502 2836 admissus
517 2781 577 2849 est,
592 2782 653 2835 etc.
701 2771 746 2834 Et
763 2772 960 2835 mandatum
977 2780 1036 2847 est,
1052 2780 1113 2835 etc.

336 2906 476 2973 [Geoffrey
486 2904 520 2956 de
533 2905 635 2958 Sancto
645 2904 790 2964 Medard0,
801 2903 971 2965 sub-deacon,
980 2904 1128 2971 presented
1139 2903 1173 2971 by
1183 2904 1229 2957 tlte
1240 2904 1351 2957 Master
1359 2906 1395 2972 of
1406 2904 1451 2956 the
1465 2905 1555 2957 Order
1563 2906 1598 2971 eps

401 2987 620 3054 Sempeingleam
642 2987 703 3038 and
722 2986 767 3038 the
788 2986 875 3038 Peter
894 2986 955 3037 end
976 2986 1102 3039 Convent
1122 2987 1157 3054 of
1174 2985 1215 3039 St.
1236 2985 1396 3049 Katieeine,
1421 2986 1545 3049 Lincoln,
1569 2986 1593 3037 is

401 3068 546 3120 imte'tnted
555 3073 581 3120 to
592 3068 637 3121 tlte
647 3067 749 3120 cnurcle
761 3068 796 3135 of
803 3067 985 3136 Staplesord.]

425 3161 904 3227 STAPLEFORD’.-Galsridus
931 3162 973 3225 de
1005 3162 1131 3227 Sancto
1160 3161 1333 3237 Medard0,
1358 3160 1592 3236 subdiaconus,

337 3276 547 3349 presentatus
565 3265 608 3329 ad
628 3266 801 3329 ecclesiam
821 3266 863 3329 de
881 3266 1071 3348 Stapelsord
1089 3288 1147 3348 per
1171 3266 1370 3347 Magistrum
1396 3264 1532 3330 Ordinis
1550 3264 1592 3327 de

339 3369 581 3451 Sempingham
597 3379 630 3432 et
648 3370 794 3431 Priorem
811 3380 844 3432 et
861 3379 1064 3432 conventum
1087 3370 1211 3435 Sancte
1232 3368 1393 3431 Katerine
1411 3368 1591 3443 Lincolnie,

337 3474 424 3536 sacta
444 3474 534 3554 prius
556 3473 769 3554 inquisitione
791 3494 850 3554 per
872 3474 921 3549 R,
937 3473 1223 3537 Archidiaconum
1246 3471 1427 3547 Lincolnie,
1448 3470 1591 3547 Osberto

338 3577 405 3639 filio
423 3576 546 3659 Nigelli
561 3586 595 3639 et
605 3577 759 3658 Johanne
774 3576 816 3639 de
831 3577 948 3658 Isinny
956 3576 1021 3657 juri
1032 3576 1122 3658 quod
1140 3578 1172 3639 in
1186 3576 1258 3658 ipsa
1269 3574 1408 3638 ecclesia
1419 3595 1455 3636 se
1470 3574 1591 3636 habere

338 3680 532 3742 asserebant
563 3700 674 3742 coram
702 3680 870 3761 Episcopo
897 3679 1178 3756 renunciantibus,
1200 3689 1233 3742 et
1264 3688 1398 3759 recepto
1433 3677 1591 3739 mandato

339 3783 492 3864 Magistri
514 3782 553 3863 J.,
569 3781 749 3845 subdecani
766 3782 919 3858 Eboraci,
934 3781 1024 3863 quod
1041 3802 1107 3844 non
1124 3781 1280 3844 obstante
1296 3779 1517 3862 prohibitione
1533 3800 1591 3841 sua

339 3886 467 3947 domini
485 3886 655 3967 Episcopo
672 3885 769 3962 facta,
784 3887 810 3947 si
831 3885 1028 3948 beneficium
1050 3886 1130 3948 illud
1151 3885 1397 3948 estimationem
1421 3882 1481 3963 xiij
1507 3903 1590 3945 mar-

337 4009 449 4051 carum
467 4008 534 4050 non
554 3987 706 4064 excedat,
722 3989 928 4066 admittatur,
949 4010 1007 4071 per
1025 4009 1099 4071 que,
1114 3999 1184 4065 etc,
1200 3989 1242 4051 ad
1263 3986 1404 4050 eandem
1426 3985 1590 4048 admissus

337 4101 397 4167 est,
418 4101 497 4166 etc.;
521 4101 554 4153 et
578 4091 688 4153 veniet
715 4092 757 4154 ad
781 4092 956 4173 proximos
983 4093 1116 4156 ordines
1143 4102 1220 4173 post
1248 4092 1351 4154 Pasca
1376 4088 1590 4152 ordinandus

340 4194 479 4255 Factum
497 4201 556 4269 est,
566 4204 600 4256 et
617 4192 803 4273 injunctum
820 4205 871 4257 est
883 4195 975 4258 dicto
987 4194 1234 4258 Archidiacono
1246 4193 1426 4269 Lincolnie,
1439 4193 1591 4274 presenti,

338 4305 384 4371 ut,
400 4306 461 4358 etc.
510 4294 742 4359 Subdiaconus
757 4308 815 4361 est.

340 4427 491 4561 [1302de
507 4428 712 4576 Zepdertherp,
719 4431 868 4497 presented
884 4431 917 4499 by
926 4431 1006 4496 John
1022 4431 1145 4493 Seintliz,
1158 4431 1184 4482 is
1198 4429 1334 4483 admitted
1347 4435 1373 4481 to
1388 4428 1434 4481 the
1448 4427 1549 4479 cheren
1560 4427 1595 4493 ej

443 4524 512 4560 enne
553 4548 558 4558 .

427 4601 844 4687 SCKINAND'.-Rogerus
864 4606 907 4669 de
930 4605 1148 4688 Lundertorp,
1168 4604 1367 4687 capellanus
1383 4611 1591 4685 presentatus

340 4706 382 4769 ad
403 4705 577 4768 ecclesiam
598 4707 641 4770 de
663 4707 825 4771 Skinand'
845 4731 903 4794 per
922 4710 1110 4791 Johannem
1131 4708 1173 4771 de
1194 4706 1341 4782 Seintliz,
1357 4705 1484 4768 ratione
1504 4704 1590 4767 dotis

338 4810 454 4871 uxoris
469 4830 536 4885 sue,
546 4808 634 4873 sacta
649 4812 739 4894 prius
759 4812 973 4893 inquisitione
989 4834 1048 4896 per
1058 4813 1106 4889 R,
1120 4811 1401 4874 Archidiaconum
1420 4808 1591 4872 Lincolnie

592 4989 599 5017 ¹
612 4989 673 5040 The
686 4990 755 5041 later
768 4990 843 5043 hand
856 4992 906 5044 has
920 4992 1011 5044 added
1024 4992 1197 5057 “Broklesby
1210 4990 1234 5057 vj
1249 4989 1334 5056 pars”.
