3550 5692
577 547 756 642 Episcopi
779 546 1062 618 Lincolniensis.
1399 567 1443 637 35

122 761 127 770 Ι
190 787 418 876 sollempniter
441 786 630 867 assumpsit,
655 783 742 846 facta
768 785 857 866 prius
882 783 1094 864 inquisitione
1117 804 1175 866 per
1200 785 1248 859 R,
1271 783 1445 846 Archidia-

188 911 311 953 conum
337 889 601 970 Huntingdonie,
617 898 686 964 etc,
705 887 869 949 admissus
889 897 940 949 est
960 897 994 950 et
1014 889 1047 949 in
1066 908 1106 950 ea
1125 887 1283 950 canonice
1305 907 1447 968 persona

191 995 368 1057 institutus
396 993 460 1070 ‚Et
485 993 670 1074 injunctum
696 1002 746 1054 est
768 991 859 1053 dicto
884 991 1047 1072 Magistro
1070 986 1209 1066 Thome,
1224 1001 1300 1072 post
1322 991 1445 1054 factam

189 1096 414 1160 obedientiam
437 1095 575 1157 domino
598 1096 776 1176 Episc0p0,
791 1094 887 1175 quod
905 1094 967 1156 sub
990 1094 1102 1156 debito
1126 1096 1253 1176 prestiti
1266 1093 1445 1174 juramenti

191 1201 334 1264 alienata
358 1221 377 1262 a
401 1199 491 1261 dicta
515 1199 653 1261 ecclesia
678 1219 738 1280 pro
762 1198 884 1260 viribus
916 1208 1054 1260 revocet.
1101 1198 1146 1260 Et
1174 1197 1369 1260 mandatum
1395 1206 1446 1259 est

193 1305 355 1386 Magistro
378 1303 440 1378 W,
457 1301 599 1366 Officiali
622 1301 858 1364 Archidiaconi
877 1301 1141 1382 Huntingdonie‚
1157 1301 1246 1384 quod
1263 1300 1445 1363 secundum

188 1407 332 1469 sormam
350 1407 554 1488 premissam,
569 1416 629 1468 etc.

188 1643 333 1710 {Richerd
344 1643 480 1709 edeplnin,
491 1641 637 1709 presented
645 1641 678 1708 by
689 1641 788 1707 Heney
798 1641 832 1692 de
842 1640 981 1697 Braiiroe.
994 1642 1019 1692 is
1030 1641 1175 1694 instituted
1183 1647 1211 1695 to
1221 1642 1267 1694 the
1278 1642 1408 1708 chapeliy
1416 1643 1451 1708 of

255 1724 366 1791 Barley.
400 1725 427 1777 Α
435 1725 554 1790 pension
564 1725 588 1774 is
599 1723 729 1775 reservent
737 1727 764 1774 te
775 1722 820 1774 tire
831 1723 932 1774 chureii
943 1723 978 1790 es
989 1723 1184 1789 Leteiiwerth]
1478 1733 1489 1754 ’

280 1833 677 1910 BURLEIA.-Ricardu5,
688 1833 911 1916 cappellanus
922 1843 1130 1914 presentatus
1140 1854 1198 1916 per
1210 1833 1392 1895 Henricum
1403 1833 1445 1895 de

192 1938 348 2001 Braibroc
372 1937 414 1999 ad
438 1936 599 2018 capellam
620 1936 663 1998 de
684 1935 790 2012 Burle,
809 1935 897 1997 facta
914 1936 1003 2017 prius
1019 1936 1231 2017 inquisitione
1246 1957 1304 2018 per
1321 1936 1445 2016 Magis·

188 2052 279 2104 trum
303 2041 365 2117 W,
390 2039 576 2104 Officialem
603 2039 838 2101 Archidiaconi
868 2037 1132 2118 Huntingdonie,
1163 2059 1221 2120 per
1243 2059 1354 2119 quam,
1376 2049 1446 2113 ete,

190 2145 356 2208 admissus
366 2155 416 2206 est
428 2154 462 2206 et
475 2145 507 2205 in
518 2164 557 2206 ea
569 2144 727 2205 canonice
740 2143 879 2204 vicarius
896 2151 1074 2222 perpetuus
1087 2142 1266 2218 institutuS,
1276 2141 1446 2204 reddendo

193 2247 270 2310 inde
286 2266 430 2309 annuam
447 2256 589 2328 quatuor
605 2245 784 2306 solidorum
802 2246 996 2327 pensionem
1012 2246 1149 2306 ecclesie
1168 2244 1210 2307 de
1227 2245 1446 2320 Lecheword’,

191 2361 226 2414 et
241 2349 458 2422 deserviendo
479 2349 695 2431 personaliter
709 2348 818 2410 eidem
835 2348 962 2428 capelle
977 2349 1010 2409 in
1026 2347 1135 2410 officio
1150 2348 1354 2413 sacerdotali.
1402 2349 1446 2411 Et

194 2454 389 2516 mandatum
400 2463 450 2516 est
462 2453 552 2514 dicto
563 2451 706 2516 Officiali
717 2450 806 2532 quod
820 2450 1004 2514 secundum
1016 2450 1157 2512 formam
1171 2453 1374 2532 premissam,
1384 2462 1445 2514 etc.

754 2621 884 2632 ..ιι-ι

190 2727 204 2790 [
204 2724 283 2789 John
301 2723 335 2776 de
352 2723 491 2781 Berewic’,
509 2721 616 2782 decenn,
630 2720 779 2787 presented
791 2719 824 2787 by
848 2719 954 2772 Walter
968 2719 1002 2772 de
1018 2721 1135 2779 Limici,
1153 2723 1178 2773 is
1195 2722 1341 2774 instituted
1357 2726 1384 2774 to
1402 2723 1448 2776 tlte

258 2804 358 2858 cliurcli
369 2805 404 2872 of
410 2802 611 2870 illoleswortn]

282 2921 783 3002 MULESWORTH'.-Magister
815 2920 985 3001 Johannes
1015 2921 1059 2983 de
1089 2922 1249 2998 Berewic',
1279 2923 1447 3001 diaconuS,

169 3059 173 3066 ·
192 3037 402 3109 presentatus
412 3025 666 3108 perWalterum
676 3025 719 3089 de
726 3023 867 3100 Lindes',
878 3025 1026 3100 militem,
1035 3025 1077 3086 ad
1087 3027 1259 3088 ecclesiam
1271 3027 1313 3090 de
1324 3029 1447 3091 Mules-

193 3130 308 3206 worth,
331 3130 419 3191 sacta
442 3129 531 3210 prius
555 3129 767 3209 inquisitione
790 3148 848 3208 per
873 3127 1155 3190 Archidiaconum
1183 3129 1447 3212 Huntingdonie,

190 3244 263 3308 etc,
273 3232 438 3294 admissus
453 3241 504 3294 est
519 3242 552 3294 et
568 3252 710 3312 persona
725 3231 896 3293 institutus
912 3252 987 3294 cum
1003 3252 1103 3294 onere
1118 3232 1300 3296 residentie.
1334 3235 1446 3297 Indul-

190 3337 236 3398 sit
266 3337 366 3398 etiam
398 3335 554 3397 dominus
582 3334 769 3416 Episcopus
793 3331 902 3395 eidem
934 3343 971 3395 ut
1001 3355 1059 3415 per
1089 3334 1257 3398 biennium
1292 3340 1446 3419 proximo

191 3459 335 3520 sequens
372 3437 461 3520 apud
502 3436 709 3500 Lincolniam
748 3435 853 3498 scolas
892 3436 1086 3517 frequentet,
1120 3448 1153 3500 et
1186 3441 1317 3502 interim
1348 3441 1447 3505 saciat

194 3541 350 3604 idoneum
367 3540 576 3622 capellanum
593 3538 701 3602 eidem
718 3539 855 3602 ecclesie
870 3539 1043 3616 deservire,
1059 3542 1105 3602 ita
1120 3541 1209 3623 quod
1229 3554 1305 3624 post
1320 3543 1445 3608 dictum

194 3644 363 3707 biennium
381 3643 422 3705 ad
440 3663 534 3705 suam
551 3643 724 3706 ecclesiam
741 3642 863 3718 redeat,
877 3643 1088 3706 residentiam
1105 3645 1138 3705 in
1154 3666 1194 3707 ea
1209 3645 1362 3709 facturus,
1402 3649 1447 3711 Et

173 3746 390 3810 mandatum
413 3757 463 3809 est
482 3746 572 3809 dicto
589 3745 835 3808 Archidiacono
851 3745 941 3826 quod
958 3746 1059 3826 juxta
1079 3746 1219 3810 fonnem
1243 3751 1447 3831 premissam,

191 3859 253 3912 ete.

759 3969 890 3982 m

192 4087 330 4153 [Thomas
352 4087 385 4138 de
403 4087 520 4156 Suffolk‚
540 4087 648 4144 descen,
663 4087 813 4153 presented
829 4087 925 4151 bylde
942 4086 1040 4139 Aeiess
1057 4091 1119 4142 und
1136 4091 1216 4141 Nuns
1237 4096 1268 4157 os
1286 4091 1404 4152 Etitoeu,
1422 4093 1448 4144 is

258 4169 405 4221 instituted
412 4169 667 4236 vicarosHitehin.
697 4169 725 4220 A
733 4170 853 4234 pension
864 4170 890 4220 is
901 4169 1031 4221 reseived
1036 4175 1063 4222 to
1070 4170 1116 4222 tlte
1128 4169 1218 4222 Nuns.
1248 4173 1305 4224 Tire
1314 4174 1447 4240 veeeruge

258 4251 448 4333 isdesen'bed]

284 4361 315 4421 H
321 4374 434 4425 1CCHE
458 4359 824 4426 VICARIA.—Thomas
840 4361 883 4423 de
900 4360 1039 4437 Sufsolk,
1054 4362 1223 4439 diaconus,
1239 4376 1446 4445 presentatus

192 4484 253 4544 per
272 4462 489 4527 Abbatissam
512 4475 546 4528 et
566 4464 727 4527 moniales
748 4463 790 4527 de
811 4465 1002 4528 Elnestowa
1017 4464 1059 4527 ad
1080 4477 1274 4550 perpetuam
1290 4469 1445 4531 vicariam

190 4566 330 4629 ecclesie
348 4566 390 4630 de
415 4568 541 4644 Hicch’,
563 4568 750 4632 ordinatam
775 4569 971 4631 auctoritate
987 4568 1135 4645 Concilii,
1153 4569 1318 4633 admissus
1339 4582 1391 4634 est
1413 4584 1446 4636 et

193 4670 333 4732 vicarius
357 4681 534 4752 perpetuus
554 4673 733 4747 institutus,
747 4682 807 4734 etc.
854 4671 1014 4735 Consistit
1037 4682 1148 4734 autem
1171 4672 1261 4735 dicta
1276 4674 1397 4736 vicaria
1412 4675 1445 4738 in

189 4782 265 4834 toto
276 4772 435 4855 alteragio
450 4774 536 4836 illius
552 4775 688 4837 ecclesie
703 4795 778 4837 cum
792 4795 909 4837 manso
921 4785 1140 4857 competente,
1151 4783 1185 4840 et
1197 4797 1263 4838 una
1274 4798 1350 4839 acra
1361 4788 1447 4842 terre

192 4876 226 4936 in
240 4895 307 4936 uno
319 4895 439 4958 campo
450 4888 484 4939 et
499 4877 564 4939 alia
580 4879 612 4939 in
629 4877 694 4939 alio
710 4897 843 4958 campo;
866 4877 1027 4940 solvendo
1042 4878 1120 4940 inde
1134 4878 1231 4942 dictis
1247 4881 1446 4944 monialibus

190 4978 253 5058 xiij
273 4999 400 5041 marcas
416 5000 551 5057 annuas,
561 4979 603 5043 de
619 4981 739 5062 quibus
755 4982 824 5062 ipse
837 4981 998 5043 moniales
1012 4981 1140 5044 solvent
1156 4981 1309 5046 fratribus
1323 4985 1447 5047 Milicie

1330 5105 1350 5142 D
1366 5105 1382 5142 2
