3550 5692
329 583 377 671 98
671 580 807 654 Rotule'
829 580 1007 678 Hugonz's
1032 582 1075 655 de
1110 582 1242 656 Welles

329 816 440 885 [Roger
455 816 490 869 de
508 816 629 885 Fn'sety,
648 815 726 879 dean
740 815 890 883 presented
904 815 937 883 by
956 815 1002 867 tlte
1020 816 1108 869 Prior
1122 816 1183 869 and
1202 816 1327 870 Conveni
1342 817 1378 884 os
1389 816 1485 884 Kyme,
1504 816 1586 868 isin

395 898 509 952 stituted
518 903 546 950 to
555 897 601 951 tlte
612 896 713 950 church
725 897 761 965 of
766 896 820 951 All
828 897 931 961 Scine,
948 896 1111 965 Wainfleet.]

419 1016 812 1081 L1uc0cu’:01vu1on
836 1016 1074 1083 Snucaonuu
1098 1032 1147 1080 on
1168 1016 1585 1097 We1ustsr.—Rogerus

329 1123 373 1186 de
398 1122 546 1204 Friseby,
569 1121 724 1198 decanus,
749 1130 959 1204 presentatus
990 1142 1048 1204 per
1074 1121 1220 1185 Priorem
1251 1131 1285 1185 et
1312 1130 1514 1183 conventum
1540 1118 1583 1181 de

334 1226 448 1309 Kyma
471 1225 512 1289 ad
536 1224 710 1289 ecclesiam
728 1224 890 1289 Omnium
911 1225 1110 1290 Sanctorum
1131 1224 1174 1288 de
1195 1224 1361 1301 Weinflet,
1385 1224 1474 1287 facta
1494 1224 1585 1306 prius

332 1330 546 1411 inquisitione
569 1350 627 1412 per
644 1329 843 1412 Magistrum
870 1329 1059 1410 Johannem
1079 1328 1123 1391 de
1145 1328 1375 1405 Horkestowe,
1396 1348 1586 1410 perquam,

331 1442 401 1511 etc,
417 1432 459 1497 ad
476 1432 617 1496 eandem
633 1442 684 1495 est
700 1432 874 1507 admissus,
890 1442 923 1496 et
944 1452 1085 1515 persona
1105 1432 1284 1496 institutus
1331 1432 1377 1495 Et
1397 1431 1584 1512 injunctum

332 1546 383 1600 est
398 1537 460 1614 W,
477 1536 724 1600 Archidiacono
742 1536 923 1612 Lincolnie,
938 1546 1000 1599 etc.
1094 1518 1095 1523 ἵ

331 1706 481 1773 [nollem.
493 1706 643 1773 presented
656 1705 745 1775 hythe
755 1704 913 1759 Abbotand
923 1706 1094 1774 Conventus
1099 1706 1248 1773 Beouport,
1259 1707 1284 1758 ts
1301 1704 1448 1758 instituted
1460 1706 1542 1756 vicar
1556 1704 1591 1771 os

401 1788 476 1841 West
484 1787 653 1841 Ravendale.
691 1786 748 1840 The
758 1788 890 1855 vicaroge
901 1788 926 1839 is
937 1787 1092 1857 desm'bed]

421 1906 629 1971 L1ucocu’:
653 1905 980 1970 Wasrnnvnuonu’
1008 1904 1420 1970 VICARIA.—Willelmus
1450 1902 1608 1986 [blank]‚‘

332 2021 542 2094 presentatus
558 2032 616 2094 per
632 2010 803 2075 Abbatem
819 2020 853 2074 et
869 2018 1071 2073 conventum
1088 2008 1130 2072 de
1147 2009 1241 2073 Bello
1255 2010 1355 2072 Portu
1372 2008 1414 2071 ad
1428 2007 1584 2070 vicariam

332 2115 468 2180 ecclesie
488 2115 530 2179 de
546 2113 819 2191 Westravendal'‚
838 2113 1026 2177 ordinatam
1048 2134 1106 2196 per
1122 2114 1184 2190 W,
1201 2112 1484 2176 Archidiaconum
1507 2111 1584 2173 Lin-

332 2219 448 2297 colnie,
463 2218 629 2283 admissus
644 2228 704 2295 est,
715 2228 748 2281 et
765 2219 798 2280 in
811 2238 851 2281 ea
860 2218 1000 2281 vicarius
1014 2227 1192 2300 perpetuus
1206 2218 1385 2279 institutus.
1431 2206 1584 2277 Vicarius

331 2333 443 2387 autem
467 2323 603 2387 nomine
625 2322 745 2385 vicarie
768 2322 928 2404 percipiet
947 2322 1071 2385 victum
1097 2322 1193 2385 unius
1216 2320 1367 2383 canonici
1392 2318 1434 2381 ab
1457 2317 1583 2381 eisdem

331 2428 499 2491 canonicis
522 2425 610 2509 apud
635 2424 908 2502 Westravendal'‚
927 2434 961 2489 et
981 2446 1081 2488 unam
1103 2445 1249 2488 marcam
1272 2444 1428 2487 annuam.
1475 2422 1519 2484 Et
1536 2421 1584 2483 in-

329 2531 483 2612 junctum
498 2540 550 2594 est
566 2528 813 2593 Archidiacono
831 2528 1014 2605 Lincolnie,
1029 2529 1185 2611 presenti,
1200 2537 1261 2591 ete.

331 2700 442 2769 [Hugtn
454 2699 591 2767 chaplain,
599 2698 748 2766 presented
755 2699 788 2767 by
799 2698 876 2751 Alon
888 2698 1014 2751 Marcelt
1025 2699 1180 2767 aetingsor
1188 2697 1233 2751 the
1244 2696 1355 2750 Master
1363 2696 1398 2763 os
1405 2695 1450 2747 the
1465 2693 1581 2761 Temple,

396 2780 577 2834 &instituted
584 2781 664 2834 vicar
672 2781 707 2847 of
712 2780 882 2847 Swinderby.
921 2779 978 2833 The
986 2781 1117 2848 vicaroge
1127 2781 1153 2833 is
1169 2778 1324 2847 described]

420 2901 622 2964 Luscouu’:
657 2899 865 2964 Sunonuuv
897 2898 1227 2981 Vtcan.-Hug0,
1258 2896 1481 2980 cappellanus,
1512 2913 1583 2976 pre-

331 3012 482 3068 sentatus
507 3024 566 3085 per
595 3002 728 3066 fratrem
757 3003 905 3066 Alanum
938 3000 1092 3079 Marcell’,
1117 3002 1204 3066 vices
1235 3009 1405 3083 gerentem
1433 3001 1584 3083 Magistri

334 3108 453 3171 Militie
470 3107 603 3189 Templi
619 3108 653 3170 in
670 3107 804 3189 Anglia,
820 3105 863 3169 ad
885 3115 1080 3188 perpetuam
1101 3106 1257 3168 vicariam
1278 3103 1416 3167 ecclesie
1436 3104 1477 3167 de
1500 3105 1584 3170 Sun-

331 3211 446 3295 derby,
461 3210 649 3274 ordinatam
673 3212 871 3274 auctoritate
895 3209 1044 3286 Concilii,
1068 3209 1155 3272 facta
1178 3210 1268 3291 prius
1292 3208 1505 3288 inquisitione
1529 3229 1586 3291 per

332 3316 395 3393 W,
414 3314 697 3378 Archidiaconum
722 3313 904 3389 Lincolnie,
923 3322 994 3389 etc,
1014 3312 1180 3375 admissus
1199 3322 1259 3389 est,
1278 3321 1311 3374 et
1332 3311 1365 3373 in
1386 3332 1425 3373 ea
1445 3312 1584 3375 vicarius

300 3421 304 3427 ’
332 3428 511 3502 perpetuus
526 3418 705 3482 institutus.
752 3418 912 3482 Consistit
928 3426 1039 3479 autem
1056 3416 1146 3480 dicta
1161 3416 1283 3477 vicaria
1299 3416 1332 3477 in
1342 3424 1415 3478 toto
1425 3415 1584 3499 alteragio

333 3544 408 3587 cum
424 3522 519 3600 tofto,
534 3532 568 3586 et
587 3523 620 3587 in
637 3521 768 3586 redditu
784 3522 882 3584 unius
907 3541 1016 3583 marce
1036 3539 1146 3583 annue
1165 3528 1257 3582 certo
1277 3519 1351 3581 loco
1374 3520 1584 3601 assignando

335 3627 425 3690 Dicti
453 3636 564 3690 autem
591 3626 772 3708 Templarii
797 3624 1009 3688 sustinebunt
1036 3624 1149 3686 omnia
1175 3642 1276 3686 onera
1302 3622 1469 3686 ordinaria
1500 3622 1585 3685 illius

334 3731 472 3794 ecclesie
487 3739 598 3812 preter
613 3729 783 3806 sinodalia,
799 3749 864 3811 que
879 3728 1020 3791 vicarius
1036 3726 1220 3789 sustinebit.
1268 3726 1314 3789 Et
1337 3726 1524 3806 injunctum
1537 3735 1586 3789 est

334 3833 581 3897 Archidiacono
599 3833 780 3909 Lincolnie,
796 3841 874 3895 tunc
891 3831 1046 3914 presenti,
1061 3840 1121 3893 etc.

333 4003 480 4072 [Wlliom,
501 4002 637 4070 chaplein,
650 4001 799 4070 presented
821 4001 855 4069 by
873 4001 918 4053 the
934 3980 1102 4053 same⁸Alon
1119 3998 1251 4062 Marcell,
1268 4000 1294 4051 is
1309 3998 1455 4051 instituted
1469 4000 1591 4068 vicaraerf

398 4085 499 4152 Eogle.
536 4085 593 4137 The
604 4085 735 4152 vicarage
746 4085 771 4136 is
781 4082 939 4149 described]

421 4195 623 4260 LINCOLN':
658 4195 787 4260 AECLE
820 4192 1233 4269 VICARIA.-—Willelmus,
1259 4190 1485 4274 cappellanus,
1513 4211 1586 4273 pre-

332 4308 481 4362 sentatus
513 4320 571 4381 per
600 4298 744 4362 eundem
776 4298 817 4361 A.
844 4296 999 4374 Marcell',
1029 4306 1099 4373 etc,
1126 4296 1168 4359 ad
1200 4304 1395 4378 perpetuam
1426 4295 1582 4358 vicariam

334 4402 471 4465 ecclesie
495 4401 538 4464 de
561 4402 674 4478 Aecle,
697 4401 885 4465 ordinatam
909 4401 1106 4465 auctoritate
1129 4398 1268 4463 Concilii
1293 4398 1473 4475 Generalis,
1501 4398 1586 4460 facta

334 4505 548 4587 inquisitione
564 4526 624 4588 per
639 4506 701 4583 W,
725 4505 1009 4568 Archidiaconum
1037 4503 1217 4579 Lincolnie,
1242 4511 1313 4577 etc,
1337 4500 1503 4563 admissus
1527 4509 1585 4577 est,

334 4618 368 4672 et
399 4609 432 4671 in
462 4629 502 4671 ea
533 4610 672 4672 vicarius
703 4619 883 4692 perpetuus
917 4609 1096 4671 institutus,
1152 4606 1227 4689 Que
1258 4605 1409 4669 consistit
1445 4606 1478 4667 in
1515 4614 1586 4668 toto

334 4712 496 4794 alteragio
511 4734 587 4775 cum
604 4713 750 4795 quodam
767 4714 860 4777 tosto
908 4711 1089 4795 Templarii
1110 4721 1222 4775 autem
1243 4708 1454 4772 sustinebunt
1474 4708 1584 4770 omnia

334 4836 435 4879 onera
450 4816 616 4879 ordinaria
632 4817 719 4879 illius
735 4818 881 4892 ecclesie,
898 4825 1008 4898 preter
1024 4816 1195 4891 sinodalia,
1211 4835 1276 4896 que
1292 4813 1432 4877 vicarius
1448 4813 1584 4875 sustine-

334 4919 390 4981 bit.
442 4918 496 4982 'Et
530 4920 716 5001 injunctum
755 4930 806 4984 est
844 4923 973 5006 prelato
1008 4918 1255 4987 Archidiacono
1292 4916 1473 4993 Lincolnie,
1508 4925 1583 4979 tunc

334 5024 488 5107 presenti,
502 5032 562 5090 etc.
