3550 5692
233 528 245 549 ·
294 608 366 685 214
630 587 765 665 Rotuli
786 585 965 689 Hugone's
990 588 1034 663 de
1070 584 1201 664 Wcllcs

291 826 444 896 [Robettde
459 825 594 890 Weledon,
607 826 744 893 ckaplar'n
751 824 903 893 presented
915 825 948 893 ty
963 824 990 877 T
985 824 1089 889 tamn,
1101 824 1147 878 tlte
1152 827 1267 893 parm
1279 826 1304 879 is
1314 824 1462 905 destined
1469 826 1549 886 vr'ca'r·

356 910 392 979 cs
400 908 516 976 Gedney.
553 907 581 960 Τ
577 907 611 960 lte
621 905 954 975 ve‘carageisdesm'bed.]

381 1011 760 1098 GEDEN’.¹-Robertus
790 1011 833 1075 de
864 1009 1047 1087 Weledon',
1080 1010 1306 1095 cappellanus,
1336 1023 1546 1096 presentatus

294 1137 353 1198 per
368 1115 546 1193 Thomam,
562 1135 738 1197 personam
755 1114 798 1178 de
814 1113 951 1191 Geden’,
966 1114 1009 1177 ad
1025 1115 1181 1177 vicariam
1198 1115 1336 1179 ecclesie
1351 1115 1394 1180 de
1410 1116 1545 1193 Geden',

292 1220 335 1288 de
365 1241 528 1285 consensu
558 1218 703 1283 Abbatis
740 1228 774 1283 et
811 1229 996 1283 conventus
1034 1218 1197 1295 Croland’,
1229 1218 1379 1301 ejusdem
1408 1220 1546 1285 ecclesie

294 1335 519 1409 patronorum,
543 1323 631 1387 facta
657 1324 747 1405 prius
772 1322 986 1405 inquisitione
1011 1344 1069 1405 per
1094 1323 1144 1399 R,
1166 1323 1449 1389 Archidiaconum
1468 1324 1545 1390 Lin-

294 1429 409 1505 colnie,
429 1449 488 1512 per
506 1447 617 1510 quam,
632 1438 702 1504 etc,
717 1427 761 1490 ad
785 1427 928 1492 eandem
945 1427 1101 1490 vicariam
1121 1426 1286 1491 admissus
1311 1437 1370 1505 est,
1390 1438 1425 1491 et
1450 1430 1483 1493 in
1506 1450 1546 1493 ea

293 1535 453 1598 canonice
462 1534 602 1597 vicarius
615 1542 794 1615 perpetuus
807 1533 987 1608 institutus,
997 1552 1073 1595 cum
1086 1552 1186 1596 onere
1197 1542 1231 1595 et
1245 1553 1331 1617 pena
1341 1534 1544 1598 vicariorum.

294 1638 340 1700 Et
363 1636 559 1701 mandatum
585 1647 637 1699 est
662 1634 771 1699 eidem
797 1634 1045 1700 Archidiacono
1066 1644 1112 1711 ut,
1132 1645 1193 1699 etc.
1239 1635 1409 1713 Consistit,
1425 1647 1546 1717 autem,

294 1743 367 1827 ipsa
388 1741 510 1805 vicaria
532 1740 566 1803 in
591 1749 663 1804 toto
688 1738 855 1823 altalagi0‚
877 1748 912 1803 et
943 1740 976 1801 in
1007 1738 1162 1802 omnibus
1192 1739 1265 1802 aliis
1289 1740 1546 1804 obventionibus

293 1856 402 1929 preter
417 1844 581 1909 decimam
599 1843 664 1908 feni
682 1844 932 1927 provenientem
948 1842 991 1906 de
1006 1842 1175 1906 dominico
1191 1843 1341 1925 ejusdem
1358 1844 1443 1921 ville,
1458 1855 1493 1909 et
1512 1846 1544 1908 in

292 1959 435 2032 quatuor
450 1949 533 2011 acris
550 1958 634 2011 terre
649 1946 759 2011 eidem
775 1947 954 2031 assignatis
978 1967 1038 2028 pro
1060 1945 1153 2009 tofto
1200 1946 1301 2011 Valet
1328 1948 1401 2031 ipsa
1424 1948 1545 2015 vicaria

292 2075 339 2116 xv
370 2072 505 2116 marcas.
561 2051 715 2115 Vicarius
745 2050 922 2113 sustinebit
952 2050 1066 2113 omnia
1096 2070 1198 2114 onera
1226 2049 1377 2133 ejusdem
1408 2052 1545 2115 ecclesie

291 2155 406 2220 debita
417 2166 451 2219 et
466 2165 626 2219 consueta
642 2163 751 2239 preter
766 2153 949 2237 hospitium
966 2150 1211 2217 Archidiaconi.

290 2304 397 2375 [Ralph
413 2303 446 2357 de
462 2304 578 2365 Rowell,
593 2303 764 2363 nctdeacon.
777 2302 925 2370 presented
938 2302 971 2372 by
992 2303 1117 2361 Wlleizm
1134 2302 1293 2363 Haunselin
1312 2309 1340 2357 to
1355 2321 1406 2358 oue
1422 2305 1546 2373 mediety,

354 2386 415 2439 and
428 2385 461 2454 by
473 2386 579 2439 Giltcrt
592 2384 626 2437 de
636 2384 742 2438 Aretes
757 2390 784 2437 to
801 2385 846 2437 tte
861 2385 945 2447 other,
958 2385 983 2437 is
999 2384 1144 2438 instituted
1154 2390 1181 2438 to
1194 2386 1239 2439 the
1253 2386 1395 2455 clearcho]
1410 2386 1544 2455 Wrawby.

354 2468 403 2521 An
414 2472 614 2536 arrangement
622 2468 648 2520 is
659 2466 741 2519 made
751 2466 820 2518 with
831 2466 937 2535 regant
946 2466 1077 2534 tosnture
1082 2468 1260 2536 patronam

376 2568 789 2634 WRAGEBY.-Radulsus
819 2568 862 2633 de
894 2568 1039 2647 Rowell’,
1069 2570 1301 2647 subdiaconus
1337 2581 1544 2655 presentatus

290 2697 349 2761 per
364 2674 572 2738 Willelmum
591 2674 778 2738 Haunselin
796 2673 957 2738 adunam
981 2672 1195 2738 medietatem
1221 2686 1254 2739 et
1282 2696 1340 2757 per
1356 2675 1543 2740 Gilbertum

289 2778 332 2843 de
349 2779 470 2843 Archis
486 2778 528 2842 ad
545 2778 645 2842 aliam
666 2776 881 2840 medietatem
909 2777 1047 2840 ecclesie
1065 2775 1108 2841 de
1125 2778 1326 2861 Wragheby,
1344 2779 1433 2843 sacta
1455 2780 1544 2863 prius

291 2882 505 2965 inquisitione
532 2902 590 2963 per
616 2881 665 2956 R.,
691 2880 977 2944 Archidiaconum
1005 2880 1186 2956 Lincolnie,
1213 2902 1272 2963 per
1289 2902 1401 2963 quam,
1415 2894 1486 2959 etc,
1501 2882 1544 2946 ad

290 2986 431 3051 eandem
463 2985 629 3049 admissus
659 2994 711 3049 est
740 2984 925 3061 ecclesiam,
951 2995 1011 3049 etc.
1064 2985 1109 3048 Et
1137 2986 1332 3049 mandatum
1360 2999 1411 3051 est
1436 2988 1543 3051 eidem

291 3089 539 3155 Archidiacono
561 3100 607 3166 ut,
625 3098 686 3153 etc.
733 3089 907 3166 Convenit,
926 3099 1048 3164 autem,
1069 3090 1155 3153 inter
1174 3090 1282 3154 dictos
1301 3101 1545 3173 presentatores

291 3193 391 3276 quod,
405 3194 485 3275 quia
500 3193 609 3257 dictus
625 3192 677 3255 W.
692 3193 801 3275 ipsum
818 3192 973 3257 clericum
991 3192 1052 3255 hac
1069 3194 1140 3256 vice
1156 3194 1263 3276 primo
1281 3194 1475 3271 nominavit,
1491 3194 1545 3257 ille

291 3318 391 3380 quem
403 3298 512 3361 dictus
529 3296 568 3361 G.
584 3295 635 3359 vel
651 3296 724 3379 ejus
739 3296 834 3360 heres
850 3296 1038 3360 nominabit
1054 3316 1129 3359 cum
1146 3296 1319 3361 ecclesiam
1340 3298 1447 3380 ipsam
1464 3298 1544 3363 alias

291 3422 408 3468 vacare
424 3400 609 3484 contigerit,
624 3400 696 3463 sine
711 3399 909 3464 difficultate
925 3400 1073 3482 qualibet
1089 3421 1147 3482 per
1162 3400 1298 3465 eosdem
1315 3400 1366 3466 W.
1383 3411 1416 3465 et
1432 3400 1471 3466 G.
1488 3411 1545 3469 aut

291 3526 406 3570 eorum
427 3503 566 3568 heredes
585 3502 838 3587 presentabitur,
853 3513 887 3567 et
908 3503 956 3565 ita
973 3502 1131 3586 deinceps
1150 3503 1285 3567 alternis
1306 3505 1432 3568 vicibus
1453 3504 1545 3569 cleri-

292 3630 367 3673 cum
399 3608 621 3671 nominabunt
652 3605 695 3670 ad
733 3606 907 3671 ecclesiam
945 3605 1150 3670 antedictam
1188 3607 1464 3690 presentandum;
1494 3606 1545 3672 vel

292 3724 431 3795 uterque
460 3731 575 3774 eorum
606 3731 692 3774 unus
723 3721 799 3794 post
829 3711 931 3773 alium
962 3710 1162 3788 alternatim,
1189 3722 1225 3775 ut
1255 3711 1382 3779 dictum
1413 3724 1473 3793 est,
1503 3710 1544 3777 ad

292 3818 465 3881 ecclesiam
482 3816 589 3898 ipsam
605 3835 705 3897 quem
721 3814 862 3882 voluerit
879 3815 1091 3896 presentabit.
1365 3802 1368 3811 ¹
1482 3830 1486 3834 ·

293 3966 444 4035 [Αὸεαίοηι,
454 3964 593 4031 chaplat'n,
602 3963 748 4031 presented
756 3963 842 4032 hythe
853 3964 964 4017 Marter
971 3964 1032 4017 and
1042 3965 1168 4019 Convent
1176 3968 1207 4034 oy
1217 3966 1299 4018 Nun·
1303 3967 1424 4029 Cottam,
1429 3968 1457 4021 ‘is
1468 3969 1546 4021 insti-¹

357 4047 435 4101 tutcd
442 4048 521 4099 vicar
530 4047 566 4115 of
573 4046 717 4100 Cuxwole.
754 4045 811 4099 The
822 4048 954 4115 wnrage
964 4048 990 4100 ts
1000 4047 1156 4117 desendet]

381 4147 802 4226 COKEWAD.¹-Absalon,
822 4150 1022 4233 capellanus,
1038 4160 1248 4233 presentatus
1270 4172 1327 4237 per
1344 4152 1544 4237 Magistrum

293 4264 328 4319 et
343 4262 545 4317 conventum
561 4252 604 4316 de
625 4252 735 4317 Cotun
763 4253 807 4316 ad
832 4254 987 4317 vicariam
1013 4254 1150 4319 ecclesie
1172 4254 1215 4319 de
1232 4255 1442 4334 Cukewaud’,
1458 4257 1546 4321 facta

293 4359 384 4441 prius
400 4357 613 4438 inquisitione
629 4376 688 4440 per
705 4357 753 4434 R.,
769 4356 1053 4421 Archidiaconum
1072 4358 1254 4437 Lincolnie,
1270 4380 1329 4443 per
1348 4364 1545 4442 quam,'etc.,

294 4460 336 4528 ad
358 4462 499 4527 eandem
524 4461 682 4524 vicariam
703 4460 869 4524 admissus
890 4471 950 4539 est,
966 4472 999 4525 et
1021 4462 1053 4525 in
1072 4483 1113 4526 ea
1132 4464 1292 4527 canonice
1312 4464 1453 4528 vicarius
1474 4485 1546 4548 per-

295 4577 414 4649 petuus
438 4565 619 4641 institutus,
638 4585 714 4628 cum
735 4585 836 4629 onere
856 4574 891 4628 et
915 4585 1002 4649 pena
1020 4566 1225 4633 vicariorum.
1277 4567 1322 4629 Et
1348 4562 1546 4634 mandatum

293 4680 344 4733 est
362 4668 471 4733 eidem
493 4666 740 4733 Archidiacono
760 4678 805 4745 ut,
823 4678 884 4732 etc.
931 4654 1101 4746 Consistit,
1124 4679 1246 4747 autem,
1265 4670 1339 4753 ipsa
1364 4670 1487 4735 vicaria
1512 4672 1546 4735 in

293 4784 366 4839 toto
388 4772 546 4856 altalagio
568 4781 679 4856 preter
701 4772 816 4850 linum,
837 4783 872 4837 et
903 4773 936 4836 in
967 4794 1085 4837 manso
1107 4784 1328 4857 competente.
1382 4774 1429 4839 Et
1458 4775 1547 4841 valet

206 4890 207 4893 ’
293 4886 353 4941 vque
369 4896 497 4939 marcas
512 4895 571 4959 per
586 4895 719 4939 annum.

553 5048 561 5079 ¹
575 5048 636 5101 The
648 5048 752 5100 second
764 5048 839 5100 hand
851 5048 903 5101 has
915 5048 1007 5101 added
1021 5049 1150 5103 “dotatio
1162 5050 1285 5105 vicarie¹'.
