3550 5692
323 572 390 643 186
662 557 798 641 Rotnli
820 556 998 665 Hugonis
1023 557 1067 640 de
1103 556 1235 641 Wedes

315 807 449 891 propria
472 828 614 890 persona
637 806 729 871 dicto
756 806 892 889 negotio
917 805 1089 871 intendere
1115 825 1182 868 non
1208 825 1354 888 possum,
1374 804 1514 869 dilectos
1539 815 1577 869 et

316 910 430 975 fideles
453 931 546 975 meos
570 910 755 973 Dominum
773 910 834 987 W,
851 909 1023 973 Abbatem
1048 908 1184 984 Cestrie,
1199 918 1233 971 et
1259 908 1457 990 Magistrum
1475 907 1514 973 G.
1530 906 1576 971 de

316 1014 475 1091 Weston',
498 1025 727 1098 procuratores
752 1035 845 1077 meos
871 1016 1048 1090 constituo,
1067 1013 1109 1076 ad
1132 1012 1322 1076 faciendum
1346 1011 1504 1094 quicquid
1530 1010 1576 1075 ad

315 1138 369 1181 me
399 1119 542 1201 pertinet
571 1116 754 1181 secundum
789 1116 931 1180 sormam
961 1116 1213 1200 compositionis
1245 1113 1399 1198 predicte.
1447 1114 1575 1177 Ratum

314 1222 456 1285 enimet
478 1230 612 1303 gratum
639 1220 748 1283 babeo
774 1220 932 1303 quicquid
960 1219 1004 1283 ab
1026 1220 1074 1283 eis
1100 1229 1212 1282 actum
1239 1217 1337 1282 fuerit
1364 1219 1397 1281 in
1424 1216 1576 1301 predicto

315 1325 458 1406 negotio,
504 1322 617 1407 Quare
633 1322 814 1387 affectuose
829 1344 945 1407 precor
960 1344 1019 1388 vos
1035 1323 1201 1405 quatinus,
1218 1322 1245 1385 si
1263 1320 1380 1404 placet,
1396 1321 1444 1384 eis
1462 1321 1493 1383 in
1511 1320 1575 1383 hiis

314 1448 380 1509 que
389 1426 484 1490 vobis
499 1447 542 1489 ex
561 1436 654 1509 parte
670 1447 746 1491 mea
757 1425 870 1491 dicent
886 1425 987 1490 fidem
1004 1426 1163 1502 habeatis,
1173 1435 1207 1488 et
1222 1445 1263 1488 eo
1279 1444 1347 1487 non
1363 1422 1575 1487 obstantibus

315 1531 432 1596 litteris
455 1532 711 1614 presentationis
734 1552 793 1614 per
815 1530 985 1595 Abbatem
1007 1529 1206 1613 Andegavie
1228 1538 1262 1593 et
1286 1549 1343 1610 per
1368 1528 1515 1591 Priorem
1531 1526 1576 1591 de

318 1633 470 1717 Kirkeby
501 1634 543 1698 ad
574 1655 633 1697 vos
659 1636 807 1717 optentis
830 1633 963 1699 effectui
996 1635 1185 1717 mancipare
1216 1633 1332 1725 velitis
1380 1632 1444 1695 Pro
1475 1640 1576 1707 certo,

316 1739 415 1815 enim,
436 1739 548 1801 sciatis
566 1738 656 1821 quod
684 1739 792 1803 littere
819 1738 874 1802 ille
898 1739 982 1803 falsa
1008 1738 1223 1821 suggestione
1245 1736 1376 1800 fuerant
1399 1736 1576 1819 impetrate

316 1841 556 1924 propterquod
573 1843 696 1905 viribus
711 1842 835 1906 debent
851 1863 970 1907 carere.
1018 1843 1109 1905 Bene
1125 1840 1240 1905 valete.

317 2025 415 2093 [John.
428 2026 517 2089 menie,
526 2030 674 2093 presented
687 2026 721 2095 by
731 2028 776 2080 tire
791 2027 881 2080 Arbor
895 2027 956 2081 and
972 2028 1098 2081 Conveni
1109 2027 1144 2093 os
1156 2026 1196 2081 St.
1208 2026 1300 2088 &ven
1313 2026 1338 2077 is
1348 2023 1483 2077 admitted
1492 2023 1579 2076 Pn'or

382 2108 417 2175 os
429 2107 606 2177 Haugham]

406 2226 820 2309 HACHAM’.—Johannes,
836 2228 1029 2304 monachus,
1045 2236 1255 2311 presentatus
1277 2247 1336 2309 per
1353 2225 1524 2289 Abbatem
1540 2234 1575 2289 et

317 2340 518 2393 conventum
536 2331 650 2395 Sancti
673 2332 787 2397 Severi
810 2332 853 2395 ad
877 2332 1060 2415 prioratum
1076 2331 1119 2395 de
1137 2331 1302 2406 Hacham,
1317 2340 1493 2393 vacantem
1518 2350 1577 2412 per

317 2442 459 2495 mortem
483 2434 522 2515 J..
548 2436 638 2517 prius
666 2436 786 2499 Prioris
813 2436 947 2513 ibidem,
968 2436 1057 2499 iacta
1085 2436 1175 2519 prius
1203 2434 1417 2517 inquisitione
1442 2454 1500 2516 per
1528 2432 1577 2512 R,

318 2537 602 2601 Archidiaconum
628 2539 810 2617 Lincolnie,
826 2561 1010 2623 perquam,
1026 2551 1096 2615 etc,
1112 2540 1155 2602 ad
1174 2538 1317 2603 eandem
1334 2538 1500 2601 admissus
1516 2546 1576 2613 est,

317 2650 378 2704 etc.
425 2640 471 2703 Et
487 2641 673 2723 injunctum
690 2652 741 2707 est
756 2643 847 2707 dicto
864 2643 1122 2720 Archidiacon0,
1138 2643 1292 2725 presenti,
1308 2651 1354 2718 ut,
1370 2650 1431 2705 etc.

250 2884 254 2890 ,
317 2828 429 2894 [Adam.
443 2829 533 2891 neonis,
540 2830 691 2897 presented
698 2829 732 2899 by
742 2831 788 2883 the
798 2831 888 2885 Abiit
897 2830 958 2883 and
969 2831 1095 2884 Convent
1108 2832 1144 2899 os
1150 2832 1190 2885 St.
1203 2830 1294 2892 Sever.
1307 2829 1333 2881 is
1348 2827 1484 2881 admitted
1493 2828 1578 2881 Prior

383 2910 605 2979 osHauglram.]

405 3021 801 3105 [HACHAM‘.]¹—-Frater
852 3021 974 3099 Adam,
1018 3021 1211 3096 monachus
1257 3028 1466 3103 presentatus
1520 3040 1577 3103 per

318 3123 493 3188 dominum
522 3124 712 3198 Ricardum,
739 3124 909 3188 Abbatem
941 3124 984 3188 de
1012 3125 1139 3190 Sancto
1170 3125 1303 3200 Severo,
1328 3132 1575 3206 procuratorem

320 3226 441 3290 Prioris
464 3237 498 3291 et
523 3238 706 3291 conventus
727 3228 769 3293 de
789 3229 915 3294 Sancto
935 3229 1058 3294 Severo
1078 3250 1136 3311 per
1157 3228 1283 3292 litteras
1305 3226 1577 3311 proc[ur]atorias

319 3332 547 3407 constitutum,
567 3332 609 3395 ad
630 3333 812 3414 prioratum
833 3332 876 3396 de
900 3332 1054 3396 Hacham
1076 3343 1260 3407 vacantem,
1273 3324 1442 3395 ‘admissus
1462 3340 1514 3394 est
1534 3330 1576 3394 ad

318 3434 462 3497 eundem
486 3444 520 3499 et
545 3435 578 3498 in
605 3456 646 3499 eo
671 3446 850 3519 perpetuus
877 3437 970 3499 Prior
994 3437 1172 3500 institutus
1221 3436 1266 3499 Et
1290 3436 1462 3499 sciendum
1486 3434 1576 3517 quod

319 3537 484 3601 admissus
500 3538 562 3602 suit
583 3540 645 3603 iste
660 3540 705 3603 ab
725 3541 764 3603 R.
780 3539 824 3603 de
846 3539 954 3622 Keyl’,
970 3540 1219 3603 Archidiacono
1239 3540 1421 3617 Lincolnie,
1437 3549 1577 3603 vacante

320 3642 400 3705 sede
417 3643 590 3706 Lincolnie
606 3664 665 3726 per
680 3653 821 3707 mortem
840 3644 997 3726 Hugonis
1013 3644 1158 3707 secundi.

407 3815 476 3899 [On
492 3816 628 3921 theface
642 3817 684 3897 of
691 3817 743 3880 tite
758 3817 822 3880 roll
830 3816 899 3900 .·-]

690 3946 698 3960 '
805 3962 945 4027 Annus
969 3958 1091 4025 xx11¹¹⁸.

322 4111 461 4179 [Geoffrey
478 4110 512 4163 de
536 4111 700 4175 Wuleward
721 4111 889 4175 suddeacon,
905 4111 1055 4180 presented
1075 4111 1109 4180 by
1124 4112 1169 4164 tite
1191 4111 1280 4165 Order
1297 4112 1333 4179 of
1350 4112 1577 4180 Sempnngteam,

385 4195 461 4259 after
470 4209 488 4244 a
499 4192 607 4260 despecte
617 4194 701 4245 about
709 4194 754 4246 the
760 4198 925 4261 patronage,
939 4194 963 4245 is
974 4194 1119 4246 instituted
1127 4199 1154 4246 to
1165 4193 1210 4247 tire
1221 4193 1322 4247 chureii
1333 4194 1369 4261 os
1380 4193 1502 4262 Walcot]

406 4304 821 4369 WALCOTE.-Gallridus
836 4304 879 4368 de
895 4304 1102 4381 Wuleward’,
1118 4304 1350 4381 subdiaconus,
1366 4314 1575 4387 presentatus

322 4427 380 4489 per
398 4401 596 4488 Magistrum
614 4407 759 4485 Ordinis,
770 4409 917 4472 Priorem
930 4419 964 4472 et
980 4418 1181 4471 conventum
1197 4409 1241 4472 de
1257 4408 1521 4491 Semplingham'
1533 4408 1575 4471 ad

320 4509 495 4575 ecclesiam
520 4509 563 4573 de
588 4510 758 4588 Walecot',
782 4511 870 4575 sacta
895 4513 984 4594 prius
1012 4512 1225 4594 inquisitione
1252 4533 1311 4595 per
1336 4513 1385 4589 R,
1401 4511 1576 4575 Archidia-

321 4634 443 4677 conum
467 4612 648 4691 Lincolnie,
666 4624 700 4677 et
724 4617 864 4698 receptis
888 4616 989 4679 literis
1011 4614 1139 4678 domini
1163 4617 1265 4699 Regis
1286 4615 1376 4697 quod
1396 4614 1515 4679 Abbas
1534 4615 1577 4679 de

324 4718 444 4798 Burgo,
460 4718 683 4781 summonitus
704 4740 815 4783 coram
837 4720 1028 4801 justiciariis
1048 4720 1115 4782 suis
1134 4719 1224 4801 apud
1243 4720 1576 4783 Westmonasterium

323 4821 365 4884 ad
383 4819 652 4901 respondendum
665 4822 806 4899 Thome,
819 4824 923 4886 Priori
939 4823 981 4886 de
995 4823 1268 4906 Semplingham',
1277 4843 1379 4905 quare
1396 4822 1579 4905 impedivit,

485 5016 507 5079 ,¹
521 5016 590 5069 This
602 5026 681 5085 entry
692 5019 716 5070 is
728 5020 765 5086 by
777 5020 893 5071 another
905 5019 986 5084 hand,
1001 5019 1055 5071 and
1067 5020 1091 5072 is
1103 5020 1204 5087 clearly
1216 5029 1264 5073 out
1277 5019 1309 5071 of
1317 5020 1403 5087 place.
