3550 5692
334 568 407 618 210
668 542 805 617 Rutuli
826 541 1006 639 Hugonr's
1030 540 1075 615 de
1109 540 1242 615 Welles

335 784 528 869 Friskeney,
543 784 631 849 iacta
642 783 733 869 prius
749 783 964 867 inquisitione
976 802 1036 866 per
1046 782 1095 860 R,
1109 779 1392 845 Archidiaconum
1405 778 1587 857 Lincolnie,

332 910 394 973 per
411 910 522 973 quam,
536 898 609 967 etc,
623 888 667 953 ad
685 888 828 953 eandem
849 886 1015 952 admissus
1031 896 1091 964 est,
1106 906 1182 950 cum
1198 904 1299 949 onere
1317 894 1351 949 et
1370 903 1457 967 pena
1471 883 1587 948 vicari-

333 1014 438 1071 orum,
452 1004 514 1059 etc.
560 993 606 1057 Et
621 992 818 1057 mandatum
833 1002 884 1057 est
901 992 991 1055 dicto
1009 990 1255 1055 Archidiacono
1271 997 1317 1065 ut,
1332 998 1393 1053 etc.

333 1163 471 1233 [Rr'clrard
482 1164 517 1216 de
526 1163 679 1229 [ιεἰιετηὶι,
692 1163 799 1227 deauon,
812 1164 837 1215 is
853 1162 969 1216 collated
982 1167 1010 1215 to
1025 1161 1071 1215 the
1087 1160 1187 1214 churclr
1205 1160 1240 1228 of
1246 1158 1286 1213 st.
1298 1158 1584 1227 Paul-by-the-Castle,

396 1245 536 1312 Limia]
898 1320 901 1327 .

340 1405 343 1411 .
419 1358 604 1423 Eccausm
627 1356 770 1421 Snucrr
801 1356 919 1420 Pnuur
949 1367 1070 1433 Juxm
1100 1352 1282 1419 Cnsrnuu
1316 1351 1586 1416 mucosum.-

334 1460 497 1526 Ricardus
512 1460 555 1525 de
572 1459 760 1535 Leicestria,
775 1458 945 1535 diaconus,
960 1458 1013 1521 cui
1032 1458 1188 1521 dominus
1206 1456 1393 1540 Episcopus
1412 1456 1585 1519 eeclesiam

333 1564 448 1631 Sancti
465 1564 558 1628 Pauli
577 1562 677 1644 juxta
693 1562 847 1627 Castrum
871 1561 1044 1626 Lincolnie
1062 1562 1260 1625 auctoritate
1280 1559 1422 1623 contulit
1437 1558 1586 1636 Concilii,

331 1665 374 1731 ad
389 1665 531 1731 eandem
548 1666 713 1730 admissus
728 1674 789 1743 est,
803 1674 875 1743 etc,
888 1685 965 1729 cum
986 1684 1086 1729 onere
1101 1674 1135 1727 et
1152 1683 1238 1747 pena
1255 1664 1450 1727 vicariorum
1464 1686 1471 1741 ;
1494 1663 1586 1727 salvo

329 1770 402 1852 jure
417 1770 603 1853 cujuslibet,
618 1791 694 1833 cum
710 1789 784 1833 eam
801 1769 883 1832 alias
899 1790 1016 1851 vacare
1031 1769 1216 1851 contigerit.
1264 1766 1309 1831 Et
1323 1766 1518 1831 mandatum
1534 1776 1586 1831 est

333 1875 579 1939 Archidiacono
597 1874 770 1938 Lincolnie
785 1884 830 1951 ut,
845 1884 907 1937 etc.

396 2033 493 2101 [Mem.
510 2033 559 2102 12.]

824 2100 966 2167 Annus
982 2099 1098 2185 xxvvi

330 2235 475 2305 [Niclrolas
485 2236 519 2289 de
529 2234 699 2297 Mandevr'll,
705 2234 854 2305 presented
866 2236 899 2304 by
910 2234 955 2289 the
967 2234 1054 2288 Prior
1062 2232 1123 2287 and
1133 2234 1260 2287 Convent
1270 2234 1306 2302 os
1312 2232 1460 2301 Spalding,
1472 2232 1498 2285 r‘s
1508 2232 1586 2286 insti·

395 2318 474 2371 tuted
482 2323 509 2371 to
520 2317 565 2371 the
575 2318 675 2373 clarck
687 2320 723 2387 of
729 2318 842 2386 Silsen]

413 2428 858 2512 .[CYBECEY.]—Nicholaus
878 2428 922 2492 de
940 2428 1133 2493 Mandevill'
1148 2424 1284 2512 [blank],
1300 2436 1509 2510 presentatus
1529 2446 1587 2509 per

333 2530 477 2596 Priorem
501 2542 535 2595 et
558 2542 760 2596 conventum
785 2531 958 2615 Spalding'
983 2532 1026 2596 ad
1052 2532 1226 2595 ecclesiam
1253 2530 1296 2594 de
1320 2529 1486 2612 Cybecey,
1509 2550 1583 2597 cum

331 2636 444 2699 omnia
459 2645 571 2699 essent
587 2635 620 2698 in
636 2635 806 2719 expedit0,
817 2635 858 2699 ad
869 2636 1012 2700 eandem
1029 2636 1195 2699 admissus
1210 2643 1270 2711 est,
1279 2643 1313 2697 et
1326 2634 1358 2696 in
1374 2654 1414 2697 ea
1427 2632 1585 2697 canonice

331 2759 473 2822 persona
489 2739 668 2803 institutus.
715 2739 761 2802 Et
781 2738 978 2803 mandatum
999 2749 1050 2803 est
1068 2738 1225 2815 Robert0,
1242 2736 1491 2801 Archidiacono
1508 2738 1584 2801 Lin-

333 2843 449 2920 colnie,
470 2853 506 2907 ut
528 2842 672 2907 eundem
691 2843 731 2906 N.
757 2844 790 2906 in
818 2842 1024 2926 corporalem
1051 2844 1154 2926 ipsius
1178 2842 1316 2906 ecclesie
1340 2841 1584 2924 possessionem

332 2945 444 3009 induci
460 2947 567 3011 saciat

331 3080 433 3151 [Hugh
445 3080 479 3133 de
489 3076 659 3138 Mandevill,
665 3079 814 3147 presented
826 3079 860 3147 by
870 3080 916 3131 the
926 3078 1014 3131 Prior
1021 3080 1083 3133 and
1094 3080 1222 3133 Conveni
1228 3079 1265 3146 of
1270 3076 1398 3145 Mumby,
1410 3080 1435 3131 is
1446 3079 1589 3132 instituted

395 3167 422 3216 to
434 3163 479 3216 the
489 3161 590 3215 churclr
602 3163 638 3230 of
643 3161 782 3230 Mumby.]

418 3264 755 3349 [MUM]Bv.-Hugo
798 3264 841 3329 de
882 3266 1074 3331 Mandevill'
1110 3265 1246 3349 [blank],
1284 3278 1498 3351 presentatus
1529 3285 1587 3349 per

333 3370 479 3433 Priorem
500 3379 535 3433 et
555 3378 756 3432 conventum
781 3368 825 3431 de
841 3368 1007 3451 Markeby
1023 3368 1066 3432 ad
1088 3369 1262 3435 ecclesiam
1281 3373 1324 3437 de
1342 3372 1494 3454 Mumby,
1510 3390 1585 3435 cum

332 3474 446 3537 omnia
460 3484 571 3537 essent
587 3473 621 3535 in
636 3472 807 3555 expedito,
822 3472 865 3535 ad
880 3472 1022 3536 eandem
1040 3473 1205 3537 admissus
1220 3486 1280 3553 est,
1291 3486 1374 3554 etc.;
1394 3476 1493 3539 salvis
1509 3473 1586 3537 inde

334 3579 482 3661 patronis
499 3577 579 3659 ipsis
594 3575 816 3659 quadraginta
832 3575 947 3639 solidis
962 3577 1081 3640 annuis
1097 3577 1159 3640 sibi
1180 3598 1239 3661 per
1256 3579 1430 3643 dominum
1449 3580 1586 3662 Episco-

335 3702 415 3766 pum
439 3692 473 3746 et
496 3681 688 3764 Capitulum
712 3700 809 3742 suum
835 3679 1008 3744 Lincolnie
1030 3682 1196 3745 concessis
1220 3694 1254 3746 et
1278 3682 1491 3747 confirmatis.
1542 3682 1586 3745 Et

333 3785 530 3849 mandatum
546 3793 597 3848 est
612 3783 704 3846 dicto
721 3782 969 3846 Archidiacono
985 3793 1030 3861 ut,
1045 3794 1106 3847 etc.

334 3955 477 4023 [Wllr'am
488 3954 523 4007 de
532 3952 707 4021 Ingoldemel
716 3953 742 4005 ἐς
752 3952 867 4005 collected
875 3958 903 4006 to
913 3954 959 4007 tlte
969 3953 1070 4007 churclr
1081 3956 1117 4023 of
1125 3953 1246 4009 Carlton.
1280 3955 1328 4008 An
1339 3956 1450 4009 annual
1454 3960 1589 4025 payment

396 4038 433 4105 os
438 4036 538 4089 twelve
548 4033 644 4087 marks
654 4035 678 4087 r's
690 4034 818 4087 rescrved
827 4039 854 4087 to
865 4035 910 4087 tlte
920 4036 997 4089 altar
1005 4036 1041 4103 os
1046 4036 1086 4089 st.
1100 4034 1212 4105 Hugh]

421 4144 890 4210 KARLETON'.-Willelmus
909 4146 951 4209 de
976 4146 1191 4228 lngoldemel'
1207 4146 1342 4231 [blank],
1357 4149 1409 4212 cui
1431 4144 1585 4212 dominus

335 4252 532 4335 Episcopus,
555 4258 714 4332 patronus
740 4250 878 4313 ecclesie
904 4250 947 4313 de
978 4249 1159 4327 Karleton',
1181 4251 1354 4316 ecclesiam
1378 4253 1485 4335 ipsam
1509 4272 1585 4315 con·

333 4356 418 4432 tulit,
434 4375 509 4417 cum
525 4353 640 4417 omnia
654 4363 765 4416 essent
788 4353 821 4415 in
837 4353 1008 4435 expedito,
1022 4353 1064 4417 ad
1084 4353 1226 4419 eandem
1246 4355 1410 4419 admissus
1431 4365 1491 4432 est,
1505 4366 1586 4434 etc3

333 4459 432 4523 salvis
449 4457 525 4521 inde
541 4456 718 4520 duodecim
736 4458 855 4519 marcis
870 4458 990 4520 annuis
1006 4458 1039 4521 in
1055 4457 1140 4522 sesto
1157 4456 1273 4523 Sancti
1291 4460 1427 4523 Martini
1448 4468 1482 4523 et
1501 4456 1586 4522 sesto

335 4566 549 4627 Pentecostes
575 4559 748 4624 Lincolnie
772 4560 949 4639 solvendis,
974 4560 1016 4625 ad
1043 4582 1128 4645 opus
1157 4562 1405 4647 capellanorum
1430 4570 1464 4626 et
1494 4561 1585 4625 cleri-

333 4688 447 4731 corum
463 4666 506 4729 ad
523 4667 627 4729 altare
644 4664 738 4728 Beati
757 4665 913 4749 Hugonis
933 4686 993 4749 pro
1008 4666 1174 4730 defunctis
1190 4667 1459 4743 ministrantium,
1471 4684 1585 4730 secun-

332 4771 413 4835 dum
432 4770 521 4854 quod
547 4771 580 4832 in
601 4768 740 4833 ecclesia
760 4768 888 4833 domini
914 4768 1072 4853 Episcopi
1094 4768 1136 4834 H.
1158 4771 1295 4835 secundi
1315 4781 1350 4835 et
1369 4770 1514 4853 Capituli
1536 4770 1585 4833 sui

334 4873 617 4939 Lincolniensium
641 4871 771 4955 plenius
794 4873 989 4937 continetur.
1037 4874 1081 4937 Et
1105 4874 1301 4938 mandatum
1325 4883 1375 4938 est
1399 4874 1448 4953 R,
1468 4873 1585 4944 Archi·

332 4978 474 5042 diacono
492 4975 675 5052 Lincolnie,
689 4985 735 5052 ut,
748 4985 811 5040 etc,
