3550 5692
310 548 355 620 26
659 537 796 618 Rutuli
811 537 989 640 Hngonis
1005 536 1049 615 rie
1076 534 1209 614 Welles

1404 693 1413 700 ι
1427 693 1461 700 ...φ
1468 693 1563 703 ω...-

301 807 378 850 cum
395 805 530 849 necesse
545 783 651 861 luerit,
662 785 871 867 parrochiani
887 784 938 846 sui
951 783 994 846 ad
1010 783 1122 866 ipsum
1137 782 1244 847 libere
1254 781 1384 866 possint
1396 782 1563 848 accedere

304 890 390 954 Item
406 888 544 952 habebit
559 889 738 952 diaconum
754 897 788 953 et
803 888 1005 970 garcionem,
1017 885 1139 968 quibus
1155 886 1315 950 Priorissa
1329 884 1483 967 ejusdem
1500 883 1563 950 loci

302 1002 372 1056 tam
389 992 423 1056 in
441 991 633 1056 necessariis
649 991 756 1056 victus
772 1011 874 1074 quam
892 991 925 1054 in
942 987 1118 1073 stipendiis
1133 989 1331 1074 providebit

301 1263 407 1331 [Roger
414 1262 449 1316 de
460 1261 605 1332 Bedesord.
619 1262 758 1331 ereptare,
765 1260 915 1330 presented
922 1260 957 1330 by
967 1259 1012 1314 tlte
1022 1260 1110 1315 Prior
1117 1259 1179 1312 and
1186 1260 1312 1315 Conveni
1319 1262 1355 1330 of
1363 1261 1526 1325 Cler'cksand
1539 1263 1564 1315 is

367 1344 513 1398 instituted
521 1345 601 1398 vicar
609 1345 645 1413 of
651 1342 792 1412 Stoffoldd

390 1447 825 1528 STODFOLDE.-Rogerus
847 1445 891 1508 de
914 1443 1109 1520 Bedesorde,
1129 1443 1332 1527 capellanus,
1351 1454 1562 1529 presentatus

302 1572 361 1635 per
376 1552 523 1616 Priorem
539 1560 574 1615 et
596 1560 799 1614 conventum
816 1548 859 1612 de
876 1547 1091 1612 Chikesande
1113 1546 1156 1612 ad
1181 1558 1376 1631 perpetuam
1404 1549 1560 1613 vicariam

300 1653 344 1720 de
360 1652 546 1730 Stodfolde,
565 1653 654 1717 sacta
674 1653 765 1736 prius
786 1651 1001 1734 inquisitione
1021 1671 1080 1733 per
1095 1652 1133 1734 J.,
1149 1651 1437 1716 Archidiaconum
1455 1652 1560 1717 Bede-

302 1756 415 1834 fordie,
431 1776 615 1840 perquam,
630 1767 702 1833 etc,
717 1755 761 1820 ad
780 1754 924 1820 eandem
943 1753 1111 1819 admissus
1130 1765 1181 1820 est
1200 1776 1276 1819 cum
1299 1776 1399 1820 onere
1423 1765 1457 1821 et
1474 1776 1561 1840 pena

300 1859 507 1934 vicariorum,
522 1872 598 1938 etc.;
623 1860 669 1924 ita
692 1869 806 1925 tamen
821 1857 912 1941 quod
937 1857 1037 1922 nichil
1059 1856 1141 1939 juris
1157 1869 1325 1924 accrescat
1340 1859 1440 1924 dictis
1456 1859 1559 1924 Priori

301 1973 335 2028 et
361 1963 539 2027 conventui
567 1963 600 2026 in
628 1963 700 2045 ipsa
725 1961 873 2038 ecclesia,
893 1960 945 2025 vel
972 1959 1151 2040 decrescat,
1171 1982 1230 2044 per
1254 1962 1340 2026 hanc
1364 1963 1477 2028 vicarii
1502 1963 1559 2028 ad-

302 2067 502 2131 missionem.
550 2065 595 2130 Et
611 2065 807 2130 mandatum
823 2073 875 2128 est
891 2063 983 2128 dicto
998 2063 1248 2129 Archidiacono
1263 2075 1309 2143 ut,
1324 2075 1387 2130 etc.

300 2319 437 2388 [Re'eltard
453 2319 486 2372 de
497 2319 598 2374 Sancta
612 2317 702 2377 Crete.
714 2317 882 2379 macen,
890 2315 1040 2384 presented
1048 2315 1082 2385 by
1095 2316 1201 2369 Gilbert
1210 2316 1372 2377 Passeleane,
1383 2319 1409 2371 is
1416 2319 1563 2373 instituted

365 2406 391 2454 te
402 2401 448 2454 tire
458 2399 558 2454 chureii
568 2401 603 2469 os
609 2398 795 2460 Biddenlram,
808 2400 839 2452 in
846 2399 997 2452 suecession
1008 2402 1036 2450 to
1047 2398 1094 2450 tlte
1104 2399 1170 2452 said
1181 2399 1305 2468 Gilbert]

389 2502 789 2580 Blossium—Magister
806 2500 969 2566 Ricardus
989 2499 1032 2565 de
1053 2500 1179 2566 Sancta
1194 2502 1310 2576 Cruce,
1325 2502 1558 2582 subdiaconus,

301 2617 510 2692 presentatus
537 2627 595 2689 per
623 2606 810 2671 Gilbertum
839 2604 1023 2668 Passelewe
1048 2603 1090 2667 ad
1115 2605 1291 2670 ecclesiam
1318 2605 1360 2670 de
1386 2607 1558 2686 Bideham,

300 2723 475 2776 vacantem
498 2731 556 2794 per
579 2710 837 2792 resignationem
861 2707 1013 2790 ejusdem
1033 2707 1184 2784 Gilberti‚
1200 2708 1289 2772 sacta
1309 2711 1399 2793 prius
1422 2712 1558 2795 inquisi-

301 2816 392 2880 tione
408 2836 467 2897 per
482 2816 520 2897 J.,
538 2813 821 2877 Archidiaconum
840 2810 1046 2888 Bedefordie,
1062 2832 1121 2894 per
1142 2833 1254 2895 quam,
1269 2824 1340 2891 etc,
1356 2814 1399 2880 ad
1415 2816 1557 2881 eandem

301 2918 466 2982 admissus
490 2927 549 2994 est,
570 2927 630 2980 etc.
678 2917 723 2981 Et
743 2916 930 2998 injunctum
950 2925 1001 2978 est
1020 2915 1112 2979 dicto
1131 2915 1388 2996 archidiacono,
1404 2923 1558 3004 presenti,

301 3032 346 3100 ut,
361 3031 422 3085 etc.

301 3191 412 3259 [Simon
423 3191 457 3244 de
473 3193 636 3260 Wengrave,
649 3190 787 3258 cdaplain,
793 3188 985 3257 presenteety
996 3187 1041 3241 tlte
1051 3188 1138 3244 Prior
1146 3191 1208 3244 and
1218 3192 1390 3261 conventos
1397 3193 1556 3259 Duresteble,

364 3276 389 3327 is
399 3274 544 3327 instituted
553 3274 633 3326 vicar
642 3273 678 3341 os
683 3272 831 3325 Hnsberne
845 3273 991 3343 Crawley.]

390 3374 823 3440 HUSSEBURNE.-Simon
844 3375 886 3439 de
907 3376 1105 3459 Wengrave,
1125 3376 1327 3458 capellanus,
1347 3387 1556 3459 presentatus

301 3501 360 3564 per
377 3479 525 3542 Priorem
550 3487 584 3542 et
606 3487 809 3542 conventum
830 3477 872 3540 de
890 3478 1113 3561 Dunstapelia
1128 3476 1170 3542 ad
1187 3489 1382 3562 perpetuam
1399 3481 1555 3544 vicariam

299 3583 437 3648 ecclesie
461 3583 503 3646 de
532 3582 759 3658 Husseburne,¹
781 3583 868 3645 sacta
890 3583 980 3665 prius
1004 3582 1218 3664 inquisitione
1240 3604 1298 3666 per
1318 3585 1356 3666 J.,
1380 3584 1555 3648 Archidia-

299 3707 421 3751 conum
445 3686 652 3762 Bedelordie,
669 3707 727 3769 per
753 3706 863 3768 quam,
884 3696 955 3762 etc,
978 3685 1021 3749 ad
1045 3685 1188 3750 eandem
1214 3685 1380 3760 admissus
1404 3697 1455 3751 est
1478 3709 1553 3752 curn

298 3812 399 3855 onere
419 3800 453 3854 et
469 3811 557 3873 pena
580 3790 787 3867 vicariorum,
802 3799 863 3852 etc.
911 3791 957 3853 Et
980 3790 1178 3853 mandatum
1199 3801 1251 3854 est
1272 3791 1363 3860 dicto
1380 3792 1554 3857 Archidia-

298 3911 384 3954 cono
399 3900 445 3967 ut,
460 3900 521 3953 etc.
568 3890 631 3954 Est
647 3900 760 3953 autem
777 3889 867 3955 dicta
883 3891 1005 3953 vicaria
1022 3891 1221 3954 auctoritate
1237 3890 1376 3960 Consilii
1393 3893 1555 3970 ordinata,

299 4004 336 4057 ut
351 4014 452 4077 supra
467 4014 556 4057 anno
572 3993 757 4056 undecimo.

298 4163 441 4231 [Rr'cltard
460 4163 596 4230 ckaplain,
608 4163 758 4231 presented
771 4162 805 4231 by
820 4163 865 4215 tlte
881 4163 969 4215 Prior
985 4163 1046 4216 and
1062 4163 1187 4216 Conveni
1201 4165 1237 4232 of
1253 4164 1413 4230 Dnnstable,
1431 4168 1456 4219 is
1476 4169 1555 4222 insti-

315 4315 319 4320 ·
362 4245 442 4298 tuted
450 4250 477 4297 to
487 4245 532 4298 tte
543 4245 645 4299 chureii
656 4246 693 4313 of
699 4245 901 4313 Steppingley]

385 4347 820 4412 STEP1NGLE.-Ricardus
851 4344 987 4429 [blank],
1022 4346 1225 4429 capellanus
1256 4360 1465 4430 presentatus
1496 4373 1555 4435 per

299 4450 444 4514 Priorem
460 4460 495 4512 et
510 4460 711 4518 conventum
728 4449 771 4514 de
788 4448 1010 4531 Dunstapelia
1029 4449 1072 4512 ad
1088 4450 1264 4516 ecclesiam
1286 4451 1328 4516 de
1351 4453 1552 4538 Stepingele,

297 4552 384 4617 facta
416 4555 505 4636 prius
536 4554 751 4636 inquisitione
782 4575 840 4636 per
869 4553 907 4634 J.,
939 4552 1225 4616 Archidiaconum
1258 4554 1466 4633 Bedesordie,
1496 4580 1553 4641 per

297 4677 407 4738 quarn,
430 4666 500 4732 etc,
524 4656 565 4719 ad
590 4656 733 4720 eandem
757 4655 924 4718 admissus
946 4665 1006 4733 est,
1022 4674 1098 4718 curn
1123 4676 1223 4720 onere
1247 4658 1456 4724 ministrandi
1481 4683 1551 4743 per-

297 4761 455 4824 sonaliter
482 4761 514 4822 in
545 4761 672 4824 eadem.
721 4760 870 4824 Habebit
901 4770 1013 4824 autem
1046 4760 1195 4824 inducias
1223 4765 1394 4844 usquead
1425 4765 1552 4829 instans

297 4865 417 4928 festum
444 4865 559 4928 Sancti
585 4865 767 4946 Michaelis
816 4865 860 4927 Et
885 4865 1082 4928 mandatum
1104 4875 1155 4928 est
1177 4864 1425 4932 Archidiacono
1448 4870 1552 4935 Bede-

297 4968 402 5032 sordie
418 4977 464 5044 ut,
479 4980 540 5032 etc.
