3550 5692
325 578 375 653 90
669 551 805 635 Rotuli
827 551 1004 661 Hugonis
1028 562 1072 635 de
1108 553 1240 635 Welles

326 813 502 881 [Brocklesby
512 780 797 883 is’r'nsourportr'ons.
831 814 858 866 Α
870 815 1003 881 vicarage
1015 814 1066 866 har
1077 819 1127 866 not
1130 820 1180 882 yet
1189 814 1253 867 been
1264 814 1417 882 ordru'ned]

413 905 841 989 BROCLOSBY.-Quedam
873 928 950 990 pars
980 920 1032 971 est
1061 908 1227 971 dictorum
1261 909 1405 972 Abbatis
1435 919 1468 972 et
1503 930 1580 971 con-

324 1021 464 1089 ventus;
486 1011 591 1075 altera
610 1032 686 1093 pars
707 1011 852 1074 Abbatis
876 1023 911 1076 et
930 1023 1115 1076 conventus
1135 1013 1178 1076 de
1198 1013 1445 1095 Tlruppeholm,
1460 1024 1494 1077 et
1515 1034 1582 1075 una

325 1135 401 1196 pars
425 1125 476 1178 est
502 1114 655 1196 Magistri
681 1114 822 1178 Gilberti
845 1114 888 1178 de
917 1115 1019 1191 Kent‚
1043 1125 1077 1178 et
1104 1115 1209 1179 altera
1232 1137 1308 1198 pars
1330 1126 1382 1179 est
1405 1116 1579 1198 cujusdam

323 1218 459 1282 alterius
474 1217 591 1281 clerici.
639 1218 684 1281 Et
700 1216 823 1280 idcirco
840 1218 903 1281 ista
915 1218 1037 1282 vicaria
1051 1219 1201 1282 nondum
1214 1229 1265 1283 est
1277 1220 1439 1283 ordinata
1487 1221 1581 1283 Licet

324 1322 419 1386 aliter
435 1323 468 1386 in
484 1322 645 1405 originali.

579 1562 763 1626 Eccuesm
788 1562 952 1627 Asnaus
976 1577 1026 1625 ms
1050 1563 1327 1627 Tuomsuocu.

324 1652 445 1757 [Walter
464 1686 497 1739 de
516 1687 678 1745 Horsinton.
699 1686 837 1755 chaplaec
852 1689 1003 1755 presented
1019 1690 1052 1757 by
1070 1690 1209 1743 thereme
1228 1690 1317 1743 Abbot
1336 1690 1397 1743 arui
1415 1691 1545 1755 Comeret,
1559 1693 1583 1743 is

388 1769 534 1822 instituted
542 1769 622 1821 vicar
630 1770 666 1837 os
672 1769 802 1822 Burreth.
841 1770 897 1823 The
908 1772 1040 1839 vicarage
1050 1774 1076 1823 e's
1086 1772 1242 1841 desorbed]

412 1871 802 1937 BURRED'.—Walterus
822 1873 865 1937 de
886 1873 1083 1951 Horsinton,
1102 1876 1304 1959 capellanus,
1320 1878 1362 1940 ad
1385 1888 1579 1959 perpetuam

323 1976 481 2039 vicariam
505 1976 594 2039 dicte
616 1975 755 2039 ecclesie
777 1976 820 2039 de
844 1978 980 2041 Burred'
1006 1999 1064 2060 per
1085 1979 1221 2043 eosdem
1250 1980 1419 2045 Abbatem
1445 1990 1479 2043 et
1503 2002 1579 2043 con-

324 2091 460 2144 ventum
500 2089 720 2161 presentatus,
749 2092 801 2142 est
838 2081 1014 2158 admissus
1044 2091 1127 2160 etc.;
1166 2104 1230 2165 que
1261 2084 1412 2147 consistit
1444 2086 1476 2147 in
1508 2094 1580 2146 toto

324 2184 495 2266 altaragi0,
514 2193 547 2246 et
568 2184 601 2245 in
623 2205 672 2245 xx
693 2182 808 2245 solidis
829 2186 1002 2247 annuatim
1024 2185 1066 2249 de
1086 2186 1183 2248 dictis
1206 2187 1342 2251 Abbate
1360 2198 1394 2251 et
1414 2198 1579 2251 conventu

325 2275 554 2369 percipiendis
579 2287 713 2363 scilicet,
737 2288 779 2350 ad
812 2287 934 2350 festum
967 2288 1082 2352 Sancti
1112 2290 1249 2353 Martini
1275 2313 1299 2353 x
1324 2291 1448 2366 solidis,
1474 2301 1507 2354 et
1538 2291 1579 2354 ad

325 2393 547 2455 Pentecosten
567 2411 592 2452 x
612 2389 735 2453 solidis.
789 2384 938 2455 Habebit
959 2404 1071 2455 autem
1092 2393 1180 2457 idem
1202 2394 1343 2456 vicarius
1365 2394 1450 2457 duas
1470 2405 1580 2477 partes

324 2495 400 2559 tosti
417 2494 613 2578 pertinentis
633 2494 675 2557 ad
695 2493 885 2572 ecclesiam;
909 2506 943 2558 et
964 2496 1034 2577 ipse
1050 2496 1189 2559 vicarius
1205 2498 1352 2561 inveniet
1368 2499 1533 2574 clericum,
1548 2508 1581 2561 et

325 2599 464 2681 predicti
485 2597 602 2661 Abbas
625 2607 659 2661 et
682 2609 867 2662 conventus
886 2599 1112 2681 procurabunt
1132 2600 1314 2683 hospitium
1336 2601 1581 2677 Archidiaconi,

324 2715 358 2767 et
377 2703 492 2766 omnia
510 2701 575 2765 alia
597 2723 700 2765 onera
723 2703 756 2765 in
781 2713 980 2785 perpetuum
1001 2704 1222 2783 sustinebunt,
1241 2716 1275 2769 et
1298 2706 1400 2769 etiam
1424 2706 1525 2768 libros
1548 2715 1581 2767 et

325 2816 522 2871 ornamenta
545 2806 684 2869 ecclesie
706 2806 886 2870 invenient.
933 2807 979 2870 Et
1002 2817 1053 2870 est
1076 2808 1197 2871 vicaria
1219 2811 1320 2873 trium
1342 2830 1527 2872 marearum
1548 2818 1581 2872 et

324 2911 470 2975 dimidie.

326 3082 443 3149 [Robert‚
456 3080 593 3149 chaplas'n.
601 3082 752 3147 presented
763 3082 797 3149 by
807 3081 853 3134 tlte
867 3082 933 3135 said
945 3083 1034 3135 Arbor
1046 3084 1107 3135 end
1118 3083 1248 3146 Conveni,
1261 3085 1286 3135 is
1301 3084 1447 3137 instituted
1458 3085 1538 3135 vicar
1551 3084 1586 3150 of

389 3163 652 3217 Marketstainton.
690 3162 747 3214 Tlu
756 3164 1095 3231 vicarageisdescrr'bed.]

301 3272 306 3280 ’
413 3281 843 3359 Srmurou.-R0bertus,
872 3284 1074 3367 capellanus,
1104 3306 1162 3367 per
1199 3285 1307 3347 dictos
1339 3284 1509 3349 Abbatem
1548 3296 1580 3349 et

325 3397 527 3450 conventum
566 3387 609 3450 ad
640 3397 836 3469 perpetuam
868 3387 1024 3452 vicariam
1056 3389 1144 3452 dicte
1174 3388 1312 3451 ecclesie
1342 3390 1384 3452 de
1415 3389 1579 3453 Steanton
1623 3416 1627 3432 ⁴

325 3501 544 3573 presentatus
568 3502 619 3554 est
649 3491 824 3568 admissus
850 3503 932 3570 etc.;
966 3514 1031 3575 que
1061 3494 1213 3556 consistit
1243 3494 1275 3555 in
1308 3503 1380 3556 toto
1410 3494 1580 3577 altaragio,

325 3606 435 3679 preter
465 3597 612 3660 decimas
641 3617 805 3679 agnorum
835 3607 869 3660 et
901 3599 1120 3661 medietatem·
1147 3599 1229 3661 lane.
1288 3597 1437 3661 Habebit
1467 3608 1578 3661 autem

326 3701 465 3763 vicarius
498 3700 582 3763 duas
613 3711 724 3783 partes
761 3701 836 3764 tosti
866 3704 1063 3785 pertinentis
1092 3703 1134 3765 ad
1163 3702 1347 3779 ecclesiam,
1372 3713 1405 3766 et
1434 3703 1579 3766 inveniet

325 3802 495 3878 clericum;
517 3810 552 3865 et
568 3802 629 3883 ipsi
644 3801 762 3864 Abbas
774 3811 807 3865 et
824 3814 1008 3868 conventus
1021 3803 1245 3885 procurabunt
1262 3802 1443 3884 hospitium
1461 3802 1578 3865 Archi-

325 3905 466 3981 diaconi,
481 3914 515 3967 et
531 3906 644 3968 omnia
663 3904 729 3968 alia
744 3926 854 3983 onera,
870 3916 939 3970 tam
956 3908 1123 3971 ordinaria
1138 3927 1239 3990 quam
1256 3907 1530 3984 extraordinaria,
1546 3908 1577 3969 in

326 4020 524 4092 perpetuum
562 4007 782 4087 sustinebunt,
811 4020 846 4073 et
875 4011 977 4074 etiam
1009 4011 1109 4073 libros
1139 4021 1173 4075 et
1208 4020 1405 4072 ornamenta
1442 4012 1579 4074 ecclesie

326 4114 502 4178 invenient.
549 4114 594 4176 Et
610 4123 661 4177 est
676 4114 798 4177 vicaria
814 4114 858 4196 iiij
877 4136 1070 4179 marcarum.

325 4284 463 4352 [Richard
478 4283 512 4336 de
533 4283 661 4345 Randeb’,
681 4284 818 4351 chcplat'rn
836 4285 986 4352 presented
1004 4286 1037 4353 by
1060 4286 1105 4337 the
1126 4285 1191 4337 said
1210 4284 1299 4337 Abbot
1318 4284 1379 4337 and
1402 4284 1532 4349 convent,
1555 4286 1579 4337 ἐς

389 4366 536 4419 irretitutcd
550 4369 630 4419 vicar
645 4368 681 4435 of
692 4367 796 4435 Ranby.
834 4367 861 4418 T
857 4368 891 4419 Ire
908 4368 1039 4435 vicarage
1058 4369 1083 4420 is
1098 4367 1252 4436 described]

413 4487 802 4549 RANDEB’.—Ricardus
842 4486 885 4550 de
928 4487 1088 4564 Randeb',
1130 4488 1330 4570 capellanus
1368 4509 1426 4569 per
1471 4488 1578 4551 dictos

326 4589 496 4653 Abbatem
534 4602 568 4654 et
599 4601 799 4655 conventum
834 4591 876 4654 ad
909 4602 1104 4674 perpetuam
1135 4592 1291 4655 vicariam
1322 4592 1411 4655 dicte
1440 4593 1578 4655 ecclesie

326 4704 543 4777 presentatus,
562 4705 614 4759 est
632 4695 807 4772 admissus
825 4705 910 4774 etc.;
937 4717 1002 4778 que
1021 4698 1067 4760 sic
1087 4697 1241 4760 ordinata
1260 4707 1329 4759 est:
1357 4697 1498 4759 vicarius
1517 4698 1578 4759 erit

325 4798 367 4861 ad
385 4818 535 4861 mensam
551 4800 716 4862 dictorum
734 4798 879 4862 Abbatis
894 4810 928 4863 et
943 4811 1127 4863 conventus
1148 4810 1183 4863 ut
1203 4802 1343 4864 vicarius
1364 4800 1529 4877 seculariS,
1544 4810 1577 4862 et

325 4901 461 4965 habebit
483 4902 669 4967 oblationes
693 4905 725 4966 in
750 4905 987 4987 principalibus
1010 4906 1102 4968 sestis
1126 4908 1213 4983 anni,
1232 4906 1356 4969 scilicet
1375 4905 1431 4968 die
1448 4906 1576 4969 Natalis

327 5006 465 5069 Domini
495 5007 571 5088 ilici,
600 5007 655 5071 die
686 5009 812 5071 Pasche
843 5009 907 5090 ijd„
936 5010 991 5073 die
1022 5010 1183 5074 Omnium
1216 5011 1414 5075 Sanctorum
1443 5010 1498 5091 jd„
1524 5010 1576 5073 die
