3550 5692
543 579 545 581 ·
585 547 762 644 Episcopi
781 547 1066 622 'Lz'ncolnz'ensis
1384 551 1448 640 ·67

193 793 306 850 versu's
322 786 518 869 aquilonem
528 787 618 868 quod
637 787 800 852 Osbertus
822 787 895 852 Cok
918 798 1018 864 tenet,
1034 791 1069 850 et
1091 788 1162 868 ipse
1181 788 1321 850 vicarius
1344 787 1450 850 solvet

194 892 367 954 annuatim
400 890 636 954 tantummodo
662 891 845 972 synodalia,
868 901 902 953 et
932 892 995 972 ipsi
1022 891 1184 972 Magister
1206 901 1240 953 et
1267 901 1450 954 conventus

194 995 418 1076 procurabunt
443 995 624 1077 hospitium
652 995 899 1071 Archidiaconi,
918 1005 951 1057 et
970 1005 1080 1058 cetera
1104 1015 1205 1057 onera
1231 995 1449 1057 sustinebunt

193 1099 238 1160 Et
254 1109 304 1161 est
320 1100 441 1162 vicaria
457 1099 502 1179 iiij
521 1118 707 1162 marcarum
724 1109 758 1161 et
773 1098 919 1162 dimidie.

191 1269 334 1336 [Geoffrey
347 1269 381 1320 de
397 1269 512 1328 Hatton‚
530 1269 667 1336 cnaplar'n,
680 1269 830 1336 presented
842 1269 875 1337 by
891 1269 936 1321 tlte
952 1268 1097 1337 aforesaid
1112 1269 1223 1321 Master
1236 1270 1297 1320 ond
1313 1269 1445 1334 Convent,

256 1350 307 1402 nas
318 1351 420 1417 charge
431 1351 569 1418 oprley.
607 1351 665 1403 The
676 1353 807 1418 vzcarage
818 1353 843 1403 ts
854 1351 1013 1417 described]

215 1455 217 1460 '
278 1462 429 1524 Aponus
453 1476 529 1539 Qus
555 1477 620 1526 sss
645 1460 1084 1526 unkunnan-Galsridus
1106 1460 1149 1523 de
1174 1461 1315 1538 Hatton,
1338 1461 1447 1543 capel-

146 1603 150 1610 ·
191 1566 295 1642 lanus,
329 1576 537 1648 presentatus
576 1588 633 1648 per
671 1567 838 1648 predictos
879 1567 1078 1647 Magistrum
1109 1575 1143 1627 et
1173 1575 1373 1628 conventum
1405 1565 1448 1627 ad

190 1680 385 1751 perpetuam
416 1671 573 1734 vicariam
605 1670 742 1733 ecclesie
772 1670 815 1733 de
845 1670 987 1752 Appele,
1010 1669 1111 1732 habet
1138 1669 1345 1746 custodiam;
1383 1690 1448 1750 que

190 1775 341 1836 consistit
364 1775 398 1835 in
421 1784 493 1836 toto
517 1775 687 1854 altaragi0,
703 1785 736 1837 et
756 1775 789 1836 in
809 1773 948 1837 decimis
968 1784 1045 1836 octo
1065 1773 1260 1835 bovatarum
1280 1782 1449 1853 terreque

191 1876 339 1940 nondum
353 1886 431 1940 sunt
441 1879 617 1959 assignate.
658 1878 713 1954 Et,
724 1879 803 1959 ipsis
819 1888 896 1940 octo
913 1877 1042 1940 bovatis
1058 1878 1244 1958 assignatis,
1254 1878 1315 1939 erit
1328 1878 1449 1939 vicaria

190 1982 235 2062 iiij
255 2002 448 2044 marcarum.

190 2151 301 2218 [Hngtn
315 2151 453 2218 chaplain,
463 2151 615 2218 presented
628 2151 717 2219 hythe
733 2150 799 2204 said
813 2151 994 2203 Masterand
1011 2151 1137 2202 Convent
1151 2151 1186 2218 os
1197 2150 1352 2218 Stainfield,
1365 2150 1449 2204 aad·

255 2233 352 2285 mitted
359 2234 441 2286 vicar
449 2234 485 2301 of
492 2233 683 2286 Mazdenaoell.
721 2233 779 2284 The
789 2233 921 2300 vicaroge
932 2234 957 2284 ris
967 2232 1123 2300 desm'bed.]

278 2344 514 2406 annwnun
529 2357 606 2420 Qus
624 2357 690 2407 ess
707 2343 1091 2424 annunnnn.-Hugo,
1103 2342 1303 2425 capellanus,
1316 2363 1448 2424 presen-

187 2455 278 2510 tatus
294 2468 352 2529 per
363 2447 470 2510 dictos
488 2448 688 2529 Magistrum
701 2457 734 2510 et
746 2457 948 2510 conventum
962 2447 1004 2510 de
1017 2446 1179 2512 Steinfeld
1193 2445 1235 2508 ad
1252 2457 1446 2528 perpetuam

188 2551 343 2613 vicariam
361 2551 498 2614 ecclesie
513 2551 556 2613 de
573 2550 780 2636 Meidewelle
796 2561 846 2613 est
862 2542 1048 2628 admissus,
1071 2571 1136 2632 que
1152 2551 1304 2612 consistit
1320 2552 1353 2612 in
1374 2561 1447 2613 toto

188 2653 351 2736 altaragio
363 2675 439 2718 cum
450 2654 535 2717 tosto
548 2654 751 2736 assignando
760 2677 767 2733 ;
777 2665 810 2717 et
823 2655 963 2718 vicarius
976 2653 1210 2717 tantummodo
1220 2654 1326 2716 solvet
1336 2653 1447 2716 sinod-

189 2758 262 2835 alia,
278 2769 311 2822 et
327 2760 389 2841 ipsi
408 2759 570 2840 Magister
586 2768 619 2822 et
635 2768 818 2824 conventus
834 2758 1059 2840 procurabunt
1074 2758 1254 2840 hospitium
1273 2758 1447 2821 Archidia-

188 2863 271 2938 coni,
287 2871 321 2924 et
342 2863 456 2924 omnia
472 2861 536 2923 alia
555 2882 656 2924 onera
675 2862 894 2925 sustinebunt.
942 2862 987 2924 Et
1002 2872 1053 2925 est
1069 2862 1190 2924 vicaria
1205 2870 1284 2924 tunc
1300 2863 1447 2943 quinque

189 2985 384 3028 marcarum.

188 3135 309 3202 [Walter
317 3134 350 3186 de
365 3135 500 3198 Thorent',
511 3135 648 3202 elzaplatn,
653 3134 803 3202 presented
810 3135 896 3203 hythe
904 3134 970 3187 said
978 3135 1089 3187 Moster
1097 3134 1158 3186 ond
1170 3134 1447 3202 ConventofStains-

245 3231 325 3298 field,
339 3233 364 3284 is
374 3231 510 3284 admitted
518 3233 599 3284 vicar
608 3233 644 3300 os
655 3233 895 3301 Wantingworrn.
934 3233 991 3284 The
1001 3234 1133 3300 vacarage
1143 3233 1169 3284 is
1179 3232 1335 3301 described]
1512 3229 1515 3233 ’

228 3395 230 3397 ,
274 3325 769 3390 WAENGWRTH’.-Walterus
785 3327 828 3390 de
838 3327 1006 3403 Thorent',
1021 3327 1221 3409 capellanus,
1238 3336 1446 3408 presentatus

188 3450 247 3511 per
272 3428 380 3492 dictos
410 3430 610 3512 Magistrum
636 3441 669 3494 et
694 3440 896 3493 conventum
923 3429 966 3493 de
992 3429 1154 3495 Steinseld
1180 3429 1222 3492 ad
1250 3441 1445 3513 perpetuam

187 3535 343 3596 vicariam
356 3544 406 3596 est
419 3533 592 3612 admissus,
602 3545 684 3612 etc.;
707 3556 771 3616 que
787 3535 937 3597 consistit
953 3535 986 3596 in
1003 3544 1075 3596 toto
1091 3534 1252 3615 altaragio
1267 3556 1343 3596 cum
1359 3546 1446 3598 terra

187 3646 221 3698 et
245 3635 401 3699 domibus
426 3637 468 3699 ad
494 3637 619 3700 dictam
644 3638 817 3700 ecclesiam
842 3637 1102 3719 pertinentibus;
1125 3645 1159 3699 et
1181 3639 1321 3700 vicarius
1340 3639 1445 3703 solvet

188 3740 425 3803 tantummodo
442 3741 613 3818 sinodalia,
629 3752 662 3804 et
690 3743 751 3824 ipsi
777 3742 939 3822 Magister
960 3749 994 3803 et
1016 3749 1199 3803 conventus
1222 3743 1446 3823 procurabunt

187 3844 368 3926 hospitium
387 3844 632 3907 Archidiaconi.
682 3845 751 3908 lsta
767 3845 887 3907 vicaria
903 3854 954 3906 est
969 3854 1112 3925 quatuor
1128 3865 1320 3908 marcarum.
1354 3829 1357 3836 ¹

753 4033 882 4044 uun——

239 4209 242 4214 ,
316 4157 499 4224 ECCLESIE
524 4161 676 4224 PRIORIS
701 4174 748 4223 ET
771 4160 1006 4224 CONVENTUS
1030 4175 1079 4222 DE
1104 4158 1321 4229 FREISTONE

549 4271 727 4352 (Freistan,
742 4294 764 4334 a
778 4272 838 4334 cell
850 4273 891 4351 of
900 4271 1087 4352 Croyland).

187 4395 333 4464 [Wllr'am,
352 4395 489 4462 cnaplain,
503 4397 652 4464 presented
668 4397 701 4465 by
718 4397 763 4450 tlte
781 4397 869 4449 Prn'or
884 4397 945 4449 and
962 4396 1092 4461 Convent,
1113 4398 1139 4449 is
1156 4398 1302 4450 instituted
1317 4400 1398 4452 vicar
1414 4401 1449 4468 of

250 4478 386 4530 Freiston.
425 4479 482 4532 The
493 4480 624 4547 vicorage
635 4477 660 4531 is
670 4479 825 4548 described]

275 4589 702 4666 FRESTON.—Willelmus‚
718 4589 918 4672 capellanus,
934 4598 1143 4671 presentatus
1156 4610 1222 4671 per
1244 4590 1389 4654 Priorem
1410 4604 1444 4657 et

187 4703 389 4755 conventum
414 4693 457 4756 de
483 4694 643 4757 Frestone
664 4693 706 4756 ad
732 4704 927 4775 perpetuam
952 4693 1108 4755 vicariam
1132 4694 1220 4757 dicte
1242 4693 1379 4758 ecclesie
1401 4695 1444 4759 de

190 4795 339 4873 Freston,
349 4805 400 4859 est
412 4797 585 4872 admissus,
595 4807 628 4860 et
641 4797 674 4859 in
687 4819 727 4860 ea
738 4798 897 4860 canonice
907 4798 1046 4860 vicarius
1062 4809 1240 4879 perpetuus
1253 4800 1443 4878 institutus,

189 4918 255 4978 que
281 4899 327 4961 sic
354 4899 508 4962 ordinata
530 4909 600 4964 est:
632 4901 771 4963 vicarius
802 4902 863 4963 erit
892 4900 934 4963 ad
960 4921 1109 4963 mensam
1139 4922 1252 4964 eorum
1277 4924 1442 4965 unacum

190 4999 308 5063 clerico
324 5001 404 5083 ejus,
420 5013 457 5064 ut
473 5003 612 5065 vicarius
628 5003 802 5080 secularis;
823 5013 857 5066 et
877 5004 948 5088 ipse
963 5004 1102 5065 vicarius
1121 5003 1256 5066 habebit
1271 5008 1443 5068 annuatim

1334 5127 1378 5170 sa
