3550 5692
298 582 368 637 202
636 556 773 633 Ratule'
795 557 974 656 Hugone's
998 557 1042 631 de
1078 556 1213 631 Welles

391 800 460 884 [On
477 799 530 863 tlte
543 800 636 863 darre
646 798 716 882 .·-]

297 950 446 1020 [Geoffrey,
458 951 599 1003 sometime
609 950 697 1003 Peior
705 950 741 1017 as
747 948 875 1017 Markty,
887 950 913 1001 is
923 948 1059 1002 admitted
1067 947 1157 1001 Attae
1166 949 1202 1016 af
1212 948 1373 1014 Thoantem]

386 1078 574 1162 [Asanam
611 1092 661 1141 na
693 1076 1136 1159 Tuouuarou’.]-Frater
1174 1077 1353 1154 Galfridus,
1386 1078 1558 1160 quondam

300 1185 392 1247 Prior
411 1183 455 1247 de
479 1182 642 1258 Markeb',
659 1182 847 1264 postulatus
871 1182 905 1243 in
927 1180 1097 1244 Abbatem
1118 1180 1161 1244 de
1181 1180 1386 1245 Thorneton’
1402 1202 1461 1264 per
1480 1203 1559 1245 con-

298 1297 435 1351 ventum
452 1286 604 1368 ejusdem
621 1286 694 1363 loci,
710 1286 851 1351 Comitis
866 1284 910 1349 de
927 1284 1017 1348 Alba
1034 1284 1141 1347 Marla
1158 1286 1397 1348 interveniente
1413 1304 1560 1360 assensu,

300 1391 389 1455 lacta
412 1391 503 1473 prius
526 1390 741 1483 inquisitione
764 1410 823 1472 per
848 1390 897 1465 R,
922 1388 1205 1452 Archidiaconum
1237 1389 1310 1465 loci,
1333 1398 1367 1452 et
1391 1389 1472 1452 alios
1496 1388 1559 1451 sibi

301 1495 487 1576 adjunctos,
504 1514 688 1577 perquam,
703 1502 774 1570 etc.,
790 1492 973 1557 secundum
995 1492 1084 1574 quod
1109 1491 1177 1555 fieri
1202 1491 1286 1556 solet
1310 1493 1342 1555 in
1367 1490 1559 1573 hujusmodi

301 1599 467 1663 admissus
482 1608 542 1675 est,
558 1608 592 1661 et
614 1597 740 1660 electus
762 1597 923 1659 canonice
946 1595 1170 1659 confirmatus.
1218 1596 1263 1660 Et
1287 1596 1484 1659 mandatum
1507 1605 1559 1659 est

301 1703 451 1787 predicto
479 1699 735 1777 Archidiacono,
761 1700 852 1783 quod
879 1720 956 1763 cum
982 1721 1041 1782 per
1066 1699 1241 1763 dominum
1273 1700 1559 1764 Conventrensem

302 1809 518 1891 Episcopum,
533 1807 585 1869 cui
607 1806 766 1888 scriptum
782 1814 834 1868 est
850 1824 911 1886 pro
927 1824 1064 1867 munere
1079 1803 1141 1866 sibi
1165 1802 1408 1867 benedictionis
1431 1804 1559 1887 impen-

301 1910 414 1975 dendo
451 1911 578 1975 litteras
616 1909 784 1992 receperit,
821 1909 908 1971 circa
946 1908 1206 1971 installationem
1245 1907 1349 1990 ipsius
1387 1906 1477 1989 quod
1515 1906 1559 1970 ad

302 2014 448 2079 officium
466 2034 562 2077 suum
579 2014 723 2096 pertinet
738 2021 935 2094 exequatur.

302 2234 398 2303 [Alaea.
411 2235 598 2289 chamberlain
609 2236 646 2303 af
655 2236 682 2287 T
677 2235 804 2295 tamtan.
816 2236 842 2288 is
851 2236 989 2291 admitted
997 2236 1128 2303 Pueros
1134 2233 1274 2303 Mariam]

390 2362 622 2445 [Pmomrus
648 2376 698 2425 os
727 2362 1104 2445 Maurusii-Frater
1130 2361 1270 2439 Alanus,
1296 2362 1495 2425 camerarius
1519 2362 1562 2425 de

304 2465 494 2542 Torneton'‚
525 2465 713 2548 postulatus
751 2466 784 2527 in
823 2466 971 2529 Priorem
1009 2466 1052 2529 de
1091 2465 1257 2547 Markeby
1288 2486 1347 2548 per
1384 2467 1561 2529 canonicos

302 2569 455 2652 ejusdem
476 2569 607 2646 domus,
626 2570 782 2651 Hugonis
805 2568 863 2632 lilii
889 2569 1023 2632 Radulfi
1047 2590 1184 2632 assensu
1209 2570 1458 2646 interveniente,
1474 2569 1562 2633 faeta

304 2674 394 2757 prius
414 2674 630 2755 inquisitione
646 2693 704 2754 per
721 2673 771 2746 R,
788 2672 1072 2735 Archidiaconum
1093 2672 1166 2749 loci,
1182 2673 1366 2736 secundum
1383 2673 1472 2755 quod
1494 2673 1562 2737 lieri

303 2777 388 2841 solet
412 2778 445 2839 in
469 2775 671 2857 hujusmodi,
687 2796 746 2858 per
768 2796 880 2858 quam,
900 2786 970 2853 etc.,
991 2775 1034 2838 ad
1058 2775 1167 2858 ipsum
1193 2778 1374 2859 prioratum
1397 2777 1563 2840 admissus

303 2890 363 2958 est,
386 2890 420 2944 et
444 2881 477 2943 in
502 2901 542 2943 eo
565 2880 724 2943 canonice
751 2880 842 2942 Prior
863 2880 1043 2943 institutus
1091 2880 1136 2943 Et
1159 2880 1356 2944 mandatum
1380 2891 1431 2944 est
1454 2881 1562 2945 eidem

306 2984 554 3048 Archidiacono
584 2982 674 3066 quod
705 2984 792 3046 circa
823 2984 1085 3047 installationem
1124 2985 1228 3067 ipsius
1259 2985 1349 3067 quod
1384 3006 1481 3048 suum
1513 2996 1564 3050 est

304 3097 500 3170 exequatur,
511 3097 545 3151 et
558 3088 727 3151 canonicis
744 3086 869 3150 ibidem
886 3087 976 3170 quod
992 3088 1022 3151 ei
1039 3097 1200 3169 tanquam
1218 3090 1321 3151 Priori
1338 3110 1398 3151 suo
1410 3089 1563 3153 decetero

305 3192 372 3254 sint
389 3190 601 3254 intendentes
615 3201 649 3253 et
664 3189 867 3253 obedientes

306 3408 433 3477 [Waltem
456 3423 543 3460 canan
565 3408 601 3475 as
612 3406 789 3469 Wilemerdel,
804 3406 955 3473 presented
968 3406 1002 3474 by
1023 3406 1148 3461 William
1167 3408 1200 3461 de
1216 3408 1368 3472 Albiniaca,
1389 3411 1414 3462 is
1431 3411 1567 3463 admitted

376 3488 497 3541 Warden
513 3489 549 3556 of
559 3489 605 3540 tlte
622 3487 755 3554 Harjm'tal
768 3493 799 3538 at
818 3487 982 3554 Uffington.]

394 3624 627 3707 [Hosmrnna
656 3636 706 3684 oa
739 3622 1146 3705 Urrrurou’.]-Frater
1178 3625 1355 3702 Walterus,
1385 3629 1565 3691 canonicus

307 3728 350 3792 de
381 3726 607 3803 Wilemerdel,
647 3735 856 3808 presentatus
896 3747 954 3808 per
985 3727 1192 3790 Willelmum
1224 3728 1266 3792 de
1305 3730 1485 3794 Albiniaco
1522 3730 1564 3795 ad

309 3832 458 3915 regimen
481 3829 656 3911 hospitalis
677 3828 720 3891 de
744 3828 917 3905 Uffinton’,
932 3850 1007 3892 curn
1033 3833 1204 3913 negotium
1228 3843 1316 3896 esset
1339 3834 1371 3895 in
1395 3836 1565 3917 expedito,

308 3935 351 3998 ad
367 3934 401 3997 id
418 3933 584 3997 admissus
606 3943 667 4009 est,
682 3942 716 3995 et
738 3934 898 3995 canonice
924 3933 1086 4015 Magister
1102 3935 1273 3999 institutus
1296 3938 1329 4000 in
1346 3936 1473 4001 eodem.
1521 3938 1566 4002 Et

310 4037 496 4119 injunctum
521 4046 572 4099 est
603 4036 651 4112 R,
677 4035 926 4099 Archidiacono
951 4037 1134 4117 Lincolnie‚
1158 4040 1311 4122 presenti,
1335 4052 1380 4118 ut,
1402 4051 1463 4104 etc.
1510 4041 1564 4125 [In

309 4140 363 4204 the
377 4140 508 4222 margin
521 4138 590 4221 .·—]
614 4137 847 4203 Subdiaconus
863 4148 922 4201 est.

310 4362 398 4429 [laten
409 4362 443 4413 de
453 4360 606 4421 Lincolnea,
618 4360 759 4411 sometime
775 4374 862 4410 canan
879 4360 915 4426 of
920 4360 959 4413 St.
973 4360 1160 4427 trigeminis,
1176 4364 1310 4428 Gransm,
1324 4365 1349 4416 is
1364 4363 1464 4418 elected
1477 4363 1511 4432 by
1521 4364 1565 4416 tire

374 4442 459 4494 Nrms
469 4441 530 4494 and
537 4440 673 4494 admitted
680 4439 792 4492 Master
800 4441 835 4508 os
841 4441 882 4493 St.
895 4440 1051 4505 Leonards,
1067 4443 1214 4514 Grimesby]

399 4576 556 4659 [Snucm
580 4576 781 4638 Laounuor
803 4588 853 4637 na
874 4574 1309 4661 Gnruussv.]-J0hannes
1324 4581 1366 4644 de
1384 4581 1565 4659 Lincolnia‚

310 4681 481 4764 quondam
512 4679 692 4741 canonicus
723 4679 839 4743 Sancti
866 4678 1048 4762 Augustini
1076 4680 1119 4745 de
1146 4683 1333 4767 Grimesby,
1357 4685 1482 4749 electus
1508 4706 1566 4768 per

311 4783 472 4848 moniales
511 4782 625 4848 Sancti
665 4781 832 4845 Leonardi
862 4781 906 4845 de
937 4782 1116 4868 Grimesby
1146 4788 1179 4850 in
1211 4790 1407 4871 magistrum
1443 4810 1566 4866 earum,

312 4888 477 4952 admissus
492 4895 552 4963 est,
567 4895 602 4949 et
621 4886 653 4947 in
673 4905 713 4948 eo
728 4885 888 4948 canonice
910 4886 1071 4969 Magister
1091 4891 1269 4955 institutus.
1316 4893 1361 4956 Et
1380 4892 1565 4981 injunctum

311 5002 362 5057 est
379 4992 428 5068 R.,
444 4984 693 5053 Archidiacono
710 4988 893 5066 Lincolnie‚
910 4999 954 5066 ut,
969 5001 1030 5055 etc.
