3550 5692
612 544 791 640 Episcopi
812 544 1097 619 Leucolnieusis.

336 1023 554 1180 &tenete
596 1019 812 1130 orbitate
854 1025 907 1129 tn
948 1003 1376 1163 Qrcsstttucenatu

720 1199 999 1320 Etncotnte.

370 1431 375 1440 ·
476 1415 490 1482 (
494 1413 562 1466 This
570 1413 627 1466 roll
635 1412 712 1464 bears
720 1411 766 1464 the
777 1411 892 1464 modern
902 1413 1040 1480 reference
1050 1414 1167 1466 number
1176 1416 1215 1482 ι.)

224 1647 226 1652 ¹
780 1536 875 1637 Pnns
906 1574 929 1636 l.

293 1660 390 1724 [Mem.
406 1659 438 1727 1.]

227 1757 341 1824 [Adam,
354 1757 491 1824 chnplain
498 1756 647 1824 presented
659 1755 693 1824 by
708 1755 754 1808 the
764 1754 855 1807 Abtot
868 1755 929 1806 and
945 1754 1071 1808 Conveni
1085 1756 1121 1823 of
1136 1755 1283 1822 Thorutnn,
1295 1759 1321 1811 is
1337 1761 1486 1814 instituted

290 1839 414 1907 vicarof
424 1837 557 1906 Worlaby.
594 1837 651 1890 Tite
661 1839 794 1904 vicarage
804 1837 830 1888 is
841 1835 999 1903 described]

314 1938 735 2014 WULFRIKEB’.-Adam‚
751 1938 975 2020 cappellanus,
995 1950 1204 2021 presentatus
1227 1961 1286 2022 per
1309 1943 1479 2007 Abbatem

226 2055 259 2108 et
283 2055 484 2108 conventum
509 2043 552 2108 de
576 2043 771 2106 Thorenton
802 2042 845 2105 ad
871 2053 1066 2125 perpetuam
1091 2039 1247 2108 vicariam
1272 2047 1409 2111 ecclesie
1439 2047 1484 2110 de

227 2145 430 2225 Wulfrikeb’,
441 2169 506 2230 que
521 2147 671 2210 consistit
687 2148 720 2208 in
737 2156 809 2209 toto
825 2147 986 2228 altaragio
1002 2158 1147 2230 excepta
1162 2148 1293 2212 decima
1308 2171 1482 2232 agnorum,

225 2271 301 2313 cum
326 2251 411 2314 tofto
435 2249 646 2333 assignando,
669 2248 834 2312 admissus
858 2260 909 2313 est
935 2260 969 2313 et
996 2251 1029 2313 in
1056 2271 1096 2314 ea
1119 2254 1278 2316 canonice
1302 2265 1482 2337 perpetuus

225 2355 364 2417 vicarius
395 2355 584 2431 institutus;
616 2363 649 2417 et
680 2363 730 2416 est
755 2354 876 2416 vicaria
906 2355 1053 2436 quinque
1084 2375 1278 2419 marcarum.
1328 2358 1482 2421 Vicarius

225 2457 460 2521 tantummodo
476 2458 581 2520 solvet
601 2458 773 2520 annuatim
794 2456 965 2534 sinodalia,
981 2468 1015 2520 et
1035 2459 1097 2540 ipsi
1115 2457 1232 2522 Abbas
1248 2470 1281 2523 et
1297 2472 1481 2524 conventus

225 2560 267 2624 de
279 2560 466 2624 Thorniton
482 2561 706 2643 procurabunt
718 2561 899 2642 hospitium
911 2561 1156 2639 Archidiaconi‚
1168 2573 1202 2626 et
1218 2563 1283 2626 alia
1294 2585 1395 2628 onera
1411 2576 1480 2629 tam

225 2664 391 2728 ordinaria
406 2686 506 2747 quam
523 2663 787 2728 extraordinaria
802 2665 835 2726 in
852 2657 1049 2746 perpetuum
1066 2666 1285 2732 sustinebunt

224 2834 358 2896 [Thomas
368 2834 402 2886 de
415 2815 540 2897 Gressed,
552 2834 690 2900 chnplain,
697 2833 846 2900 presented
853 2834 887 2902 by
897 2834 943 2886 tlte
952 2850 1035 2894 same.
1047 2835 1073 2886 is
1083 2836 1229 2888 instituted
1236 2838 1317 2890 vicar
1324 2839 1361 2905 of
1368 2838 1481 2906 Grasby.

293 2916 350 2968 Tlee
360 2917 491 2984 vi'eerage
502 2917 527 2968 is
537 2915 693 2981 described]

265 3025 268 3032 '
312 3018 692 3084 GRESSEB’.-Thomas
715 3017 758 3082 de
781 3017 941 3095 Gresseb’,
965 3019 1164 3101 capellanus,
1187 3032 1396 3102 presentatus
1423 3043 1481 3105 per

224 3122 359 3185 eosdem
384 3122 426 3185 ad
450 3133 644 3204 perpetuam
665 3122 821 3185 vicariam
845 3121 982 3186 ecclesie
1005 3123 1047 3185 de
1066 3123 1227 3201 Gresseb',
1243 3146 1308 3206 que
1330 3127 1480 3190 consistit

225 3225 257 3287 in
282 3235 354 3288 toto
377 3225 538 3308 altaragio
553 3236 696 3307 excepta
719 3225 849 3288 decima
872 3246 1045 3307 agnorum,
1061 3247 1136 3288 cum
1161 3228 1246 3290 tofto
1269 3228 1483 3310 assignando

224 3340 274 3391 est
290 3329 455 3391 admissus
471 3338 504 3392 et
520 3330 553 3390 in
569 3350 609 3392 ea
624 3331 782 3392 canonice
805 3339 985 3411 perpetuus
1002 3330 1142 3392 vicarius
1166 3331 1357 3409 institutus;
1380 3342 1414 3396 et
1429 3343 1479 3396 est

224 3431 345 3494 vicaria
360 3431 506 3515 quinque
522 3453 716 3508 marcarum,
732 3443 765 3495 et
777 3433 917 3494 vicarius
933 3433 1168 3496 tantummodo
1184 3435 1357 3497 annuatim
1373 3437 1481 3499 solvet

224 3535 395 3612 sinodalia,
418 3546 451 3598 et
474 3535 536 3617 ipsi
561 3534 678 3598 Abbas
701 3545 734 3599 et
756 3545 940 3598 conventus
963 3533 1006 3598 de
1029 3535 1232 3600 Thorenton’
1256 3538 1481 3619 procurabunt

224 3639 404 3721 hospitium
429 3638 674 3715 Archidiaconi‚
695 3649 728 3702 et
751 3639 816 3701 alia
838 3659 940 3702 onera
962 3650 1031 3702 tam
1055 3639 1221 3703 ordinaria
1244 3661 1344 3722 quam
1368 3653 1479 3705 extra-

224 3743 390 3806 ordinaria
405 3743 438 3805 in
456 3754 651 3826 perpetuum
669 3741 887 3806 sustinebunt.

225 3912 336 3980 [Regem
349 3913 485 3980 chaplain,
494 3913 641 3980 presented
650 3913 684 3981 by
695 3913 739 3966 the
753 3913 820 3966 said
827 3913 918 3966 Attot
931 3912 992 3964 and
1008 3912 1138 3975 Convent,
1156 3914 1182 3965 is
1197 3913 1343 3967 instituted
1355 3915 1436 3967 vuar
1449 3921 1480 3983 ot

287 3995 609 4064 Batnon-effluenter]

312 4097 690 4179 BAREWUEe-Rogerus
708 4097 908 4180 capellanus
927 4107 1134 4179 presentatus
1156 4119 1214 4181 per
1237 4097 1344 4160 dictos
1364 4099 1480 4163 Abba-

223 4210 291 4262 tem
315 4210 349 4263 et
372 4210 572 4263 conventum
596 4200 638 4262 de
661 4201 864 4264 Thorenton'
881 4200 924 4263 ad
948 4203 1319 4283 perpetuamvicariam
1341 4203 1480 4268 ecclesie

222 4302 265 4365 de
291 4303 435 4378 Barewe‚
458 4314 509 4366 est
532 4303 705 4379 admissus,
728 4303 786 4366 sed
810 4303 960 4366 nondum
984 4304 1082 4386 plene
1104 4305 1258 4370 ordinata
1280 4318 1332 4371 est
1349 4309 1480 4384 vicaria,

223 4427 283 4487 pro
307 4427 357 4468 xx
381 4407 500 4468 marcis
522 4427 604 4487 quas
622 4405 739 4469 Abbas
762 4406 804 4470 de
821 4406 911 4469 Alba
928 4407 1047 4470 Marlia
1068 4410 1239 4472 annuatim
1262 4412 1420 4492 percipiet
1435 4411 1480 4474 de

222 4508 340 4571 eadem
357 4510 506 4591 superius
523 4519 559 4572 ut
575 4510 608 4572 in
625 4510 887 4573 institutionibus
904 4512 982 4573 anni
1000 4512 1071 4574 xix.

223 4669 325 4747 [Hugh
336 4679 370 4731 de
386 4679 512 4747 Haburg,
522 4647 659 4746 chaplain,
667 4679 816 4747 presented
824 4681 857 4744 bu
868 4680 914 4733 tlte
924 4680 1015 4733 Abbot
1027 4681 1089 4733 aud
1099 4682 1225 4735 Conveut
1242 4684 1278 4747 of
1294 4681 1321 4734 Τ
1317 4683 1441 4749 homten,
1454 4687 1481 4738 is

288 4759 432 4813 instituted
446 4762 568 4828 vicoras
578 4761 604 4812 Τ
600 4761 717 4813 horntou
733 4761 832 4814 Curtis.
870 4761 928 4814 Tire
938 4763 1069 4830 vuarnge
1080 4763 1271 4838 esdesnibed.]

311 4862 695 4946 THORRENT’.-Hugo
718 4863 760 4927 de
785 4864 952 4947 Haburg’,
967 4865 1167 4948 capellanuS,
1190 4878 1398 4949 presentatus
1421 4891 1481 4951 per

223 4967 331 5030 dictos
342 4966 512 5029 Abbatem
525 4977 559 5030 et
570 4962 771 5055 conventum
784 4967 827 5032 de
839 4968 1050 5032 Thorrenton
1063 4968 1105 5032 ad
1118 4981 1312 5052 perpetuam
1323 4973 1478 5038 vicariam
