3550 5692
594 524 773 622 Episcopi
804 522 1085 596 Lincolniensz's.
1399 544 1461 614 131

209 761 321 827 [Robert
329 762 363 814 de
374 761 466 825 Ridet,
478 761 587 825 deacon,
594 760 745 829 presented
752 760 837 829 dytlre
847 760 936 813 Prior
944 759 1004 811 and
1016 759 1143 812 Convent
1151 760 1187 826 os
1193 758 1282 819 Druse,
1290 760 1316 811 is
1326 758 1471 811 instituted

275 844 356 895 vicar
364 846 401 912 of
406 843 572 896 Swinstead.
610 843 668 895 The
679 841 1012 910 mearageisdesm‘bed.]

302 962 592 1027 SUINHAMSTED'
609 960 996 1026 VICARIA.-R0bertus
1017 960 1060 1023 de
1077 960 1194 1037 Ridal’,
1210 960 1379 1038 diaconus
1395 982 1466 1043 pre-

210 1076 362 1129 sentatus
374 1087 433 1148 per
444 1067 592 1130 Priorem
602 1076 637 1130 et
648 1063 880 1147 c0n[ventum]
891 1063 933 1126 de
945 1064 1040 1127 Drax
1051 1063 1093 1126 ad
1104 1074 1299 1145 perpetuam
1310 1066 1466 1129 vicariam

211 1170 349 1233 ecclesie
372 1170 416 1233 de
440 1168 706 1245 Swinhamsted',
729 1168 818 1231 sacta
839 1169 930 1249 prius
956 1168 1170 1249 inquisitione
1194 1188 1252 1249 per
1277 1169 1325 1246 R„
1349 1168 1466 1231 Archi-

209 1271 390 1336 diaconum
420 1273 602 1350 Lincolnie,
629 1293 688 1354 per
715 1292 826 1354 quam,
848 1280 919 1348 etc„
942 1270 1107 1333 admissus
1133 1282 1184 1335 est
1207 1292 1283 1334 cum
1311 1293 1411 1335 onere
1433 1283 1466 1336 et

211 1396 298 1457 pena
322 1377 528 1454 vicariorum,
552 1388 586 1439 et
614 1376 755 1438 vicarius
784 1383 963 1457 perpetuus
990 1374 1160 1437 institutus
1188 1375 1220 1437 in
1247 1375 1374 1439 eadem.
1422 1377 1467 1440 Et

211 1479 409 1543 mandatum
426 1489 477 1543 est
489 1479 736 1543 Archidiacono
754 1478 927 1542 Lincolnie
943 1488 979 1541 ut
994 1478 1103 1559 ipsum
1121 1479 1154 1540 in
1171 1479 1467 1560 corporalemeto,

208 1594 244 1647 et
269 1594 307 1645 ut
331 1584 442 1646 eidem
471 1583 509 1645 R.
535 1583 644 1645 scolas
671 1582 896 1663 frequentanti
922 1581 1050 1644 deserat
1073 1581 1117 1645 de
1144 1582 1295 1645 vocando
1321 1604 1398 1646 eum
1423 1584 1466 1647 ad

209 1686 345 1749 ordines
364 1686 550 1768 superiores
565 1686 674 1750 donec
692 1685 848 1748 dominus
869 1686 1057 1767 Episcopus
1077 1685 1110 1748 id
1127 1686 1314 1767 specialiter
1329 1687 1466 1750 manda-

209 1790 301 1852 verit.
348 1789 510 1853 Consistit
528 1799 642 1852 autem
662 1789 734 1870 ipsa
749 1790 870 1852 vicaria
889 1790 922 1850 in
943 1788 1122 1851 medietate
1141 1790 1243 1851 totius
1261 1790 1399 1853 ecclesie
1406 1813 1413 1868 ;
1433 1801 1467 1854 et

208 1893 388 1955 sustinebit
397 1913 499 1955 onera
509 1892 728 1973 parrochialia
739 1902 773 1954 et
783 1892 997 1955 medietatem
1009 1893 1159 1954 omnium
1170 1892 1309 1956 aliorum
1320 1914 1466 1957 onerum.

209 1995 382 2072 Canoniei,
417 1997 473 2077 qui
504 1996 605 2058 aliam
638 1996 852 2059 medietatem
888 1996 1071 2077 possident,
1102 2017 1162 2078 pro
1192 2018 1252 2060 sua
1287 1998 1467 2062 medietate

210 2100 471 2181 respondebunt.
519 2100 596 2163 Non
613 2101 775 2164 habemus
791 2100 903 2163 literas
919 2101 1182 2181 presentationis

206 2270 333 2334 [Walter
340 2270 374 2321 de
385 2270 518 2338 Saltfolb'.
530 2270 699 2330 sub-deucere,
706 2269 856 2337 presented
863 2269 899 2337 dp
915 2269 1038 2321 Wllr‘am
1049 2269 1083 2321 de
1094 2270 1241 2339 Manneby,
1255 2272 1280 2323 is
1290 2272 1434 2325 instituted
1442 2278 1468 2326 to

276 2353 322 2407 tlte
332 2352 435 2405 chrerch
446 2354 481 2421 os
486 2352 614 2420 Manis]

300 2471 719 2535 MANNEBY.—Walterus
736 2470 778 2533 de
795 2469 1000 2553 Saltfolb'[?]‚
1012 2470 1245 2548 subdiaconus,
1260 2484 1468 2554 presentatus

211 2597 270 2658 per
289 2574 496 2637 Willelmum
520 2574 563 2637 de
581 2574 761 2657 Manneby,
788 2574 937 2649 militem,
962 2574 1005 2637 ad
1030 2574 1202 2638 ecclesiam
1222 2574 1265 2638 de
1287 2577 1469 2660 Manneby,

208 2681 299 2744 sacta
315 2680 406 2762 prius
423 2680 637 2760 inquisitione
652 2700 711 2760 per
728 2679 776 2754 R„
793 2676 1075 2739 Archidiaconum
1091 2678 1272 2753 Lincolnie,
1284 2700 1343 2761 per
1358 2700 1468 2761 quam,

207 2795 281 2860 etc,
298 2782 465 2847 admissus
480 2793 541 2859 est,
555 2793 590 2845 et
606 2783 639 2843 in
654 2803 694 2845 ea
710 2782 869 2844 canonice
885 2801 1027 2863 persona
1043 2781 1222 2845 institutus,
1269 2783 1314 2845 Et
1331 2784 1468 2847 manda-

210 2898 283 2950 tum
299 2898 351 2951 est
369 2886 461 2949 dicto
479 2884 727 2949 Archidiacono
742 2893 788 2960 ut,
803 2893 863 2946 etc.
911 2882 988 2945 Non
1013 2883 1175 2947 habemus
1201 2885 1312 2950 literas
1337 2908 1468 2970 presen-

210 2991 356 3054 tationis.
966 3001 970 3008 ·

208 3160 350 3227 [Thomas
360 3160 394 3212 de
407 3158 557 3221 Oxecumb',
570 3157 706 3224 cleptein.
714 3156 862 3224 presented
870 3156 903 3223 by
914 3156 1039 3210 Micleael
1047 3157 1072 3209 le
1085 3156 1186 3219 Moine.
1199 3159 1225 3210 is
1236 3160 1382 3213 instituted
1386 3168 1414 3214 to
1425 3164 1470 3216 tlte

277 3242 393 3309 mediety
404 3241 439 3308 os
445 3240 491 3292 the
502 3239 603 3293 chureii
615 3239 650 3300 of
657 3238 723 3306 Bag
734 3238 870 3306 Erudrby,
884 3238 1001 3291 vacatet
1008 3238 1041 3306 by
1056 3238 1176 3292 Thomas
1186 3240 1220 3293 de
1232 3240 1381 3310 Enderby,]

301 3358 692 3424 ENDERBY.—Thomas
722 3356 765 3420 de
790 3356 988 3434 Oxecumb',
1012 3358 1235 3440 cappellanus,
1260 3373 1468 3442 presentatus

210 3486 270 3548 per
288 3463 488 3527 Michaelem
512 3461 543 3525 le
563 3461 688 3536 Moine,
708 3462 836 3524 ratione
854 3459 943 3522 dotis
964 3462 1078 3523 uxoris
1102 3482 1170 3538 sue,
1185 3461 1227 3524 ad
1254 3463 1468 3529 medietatem

207 3568 349 3631 ecclesie
383 3566 426 3629 de
462 3563 632 3645 Enderby,
665 3574 841 3627 vacantem
877 3585 936 3647 per
970 3565 1225 3646 resignationem
1261 3566 1393 3632 Thome
1426 3572 1469 3635 de

212 3671 374 3753 Enderby
405 3670 461 3750 qui
492 3688 567 3731 eam
598 3668 688 3750 prius
719 3667 835 3742 tenuit,
860 3666 948 3730 facta
974 3668 1064 3749 prius
1089 3668 1303 3748 inquisitione
1334 3691 1393 3752 per
1421 3674 1469 3750 R.,

212 3774 498 3838 Archidiaconum
523 3771 705 3847 Lincolnie,
720 3792 778 3853 per
801 3791 912 3852 quam,
928 3780 999 3848 etc,
1015 3770 1179 3834 admissus
1200 3782 1260 3848 est,
1275 3794 1352 3835 cum
1369 3795 1469 3841 onere

207 3889 244 3942 et
260 3898 348 3961 pena
363 3877 571 3952 vicariorum,
585 3884 620 3937 et
641 3894 782 3957 persona
801 3875 973 3937 institutus
993 3876 1026 3938 in
1045 3874 1164 3938 eadem
1186 3875 1375 3941 medietate.
1423 3880 1468 3943 Et

210 3981 410 4046 mandatum
427 3989 479 4043 est
495 3979 586 4041 dicto
602 3978 850 4042 Archidiacono
865 3987 911 4054 ut,
926 3987 987 4041 etc

210 4152 320 4220 [Roger
337 4151 371 4203 de
390 4150 531 4208 Scitebroc‚
549 4148 686 4215 chapterir,
700 4146 848 4215 presented
864 4147 897 4215 by
915 4148 960 4200 tlte
977 4147 1066 4201 Artos
1081 4148 1143 4199 and
1161 4148 1337 4219 Consentes
1351 4151 1378 4202 Τ
1374 4168 1426 4214 err
1444 4154 1469 4205 is

275 4232 422 4286 instituted
429 4232 510 4283 vicar
518 4232 554 4297 of
559 4229 720 4283 Skrdbrook
758 4229 784 4280 T
779 4229 814 4281 Ire
825 4230 956 4297 vr'carege
967 4231 992 4281 is
1002 4228 1145 4282 desm'bed.
1148 4232 1159 4296 ]

300 4340 526 4405 SKITEBROC.
528 4338 725 4418 —Rogerus
741 4335 784 4399 de
807 4335 987 4413 Scitebroc‚
1009 4337 1233 4419 cappellanus
1259 4348 1468 4420 presentatus

210 4466 270 4526 per
294 4443 468 4507 Abbatem
498 4451 533 4504 et
557 4438 788 4522 c0n[ventum]
812 4438 855 4502 de
880 4440 980 4501 Thoe
1011 4438 1053 4502 ad
1084 4450 1280 4521 perpetuam
1312 4444 1466 4506 vicariam

208 4546 349 4609 ecclesie
365 4545 408 4608 de
424 4543 595 4609 Scitebroc
617 4544 813 4606 auctoritate
830 4543 967 4605 Domini
985 4543 1144 4626 Episcopi
1166 4543 1365 4623 ordinatam,
1381 4547 1469 4611 facta

211 4652 301 4733 prius
318 4649 534 4730 inquisitione
549 4668 607 4731 per
625 4648 673 4724 R.;
693 4646 978 4710 Archidiaconum
996 4646 1178 4725 Lincolnie,
1194 4669 1253 4730 per
1271 4670 1383 4731 quam,
1397 4662 1468 4728 etc.‚

208 4754 377 4817 admissus
397 4761 457 4828 est,
473 4771 549 4813 cum
569 4770 669 4813 onere
683 4759 718 4813 et
741 4769 827 4831 pena
852 4750 1059 4827 vicariorum,
1074 4760 1108 4814 et
1131 4752 1272 4814 vicarius
1288 4764 1467 4837 perpetuus

210 4858 384 4920 institutus
400 4856 433 4917 in
449 4853 577 4916 eadem.
623 4853 783 4917 Consistit
798 4863 911 4915 autem
927 4852 1018 4916 dicta
1032 4854 1154 4917 vicaria
1169 4855 1202 4917 in
1219 4865 1292 4919 toto
1307 4857 1467 4940 alteragio

209 4970 322 5043 preter
352 4958 568 5021 medietatem
599 4956 747 5038 piscarie,
776 4976 841 5036 que
878 4957 1063 5021 remanebit
1099 4958 1336 5041 inperpetuum
1369 4962 1467 5025 dictis

1356 5083 1402 5122 K2
