3550 5692
341 551 387 642 58
679 549 814 622 Ratule'
838 550 1018 646 Hugonrs
1042 549 1087 623 de
1122 549 1255 623 Welles

511 699 684 706 --—.--——.
776 701 796 706 -
810 701 840 706 —
879 701 1053 707 ...——...-
1074 702 1080 706 .
1116 702 1186 708 .-.,,.
1218 702 1368 709 --——
1381 703 1442 708 -—-
1455 704 1466 708 -
1485 703 1594 710 ——q-

339 783 487 850 [ltaliae
512 783 650 851 chaplain,
667 783 816 851 presented
835 784 868 852 by
890 784 937 838 tlte
958 783 1049 838 Aibat
1070 785 1131 838 and
1153 785 1336 855 Conventa]
1354 786 1546 850 Ilumberston,
1571 789 1597 840 is

403 863 540 918 admitted
547 865 628 918 vicar
636 865 671 933 as
676 865 712 918 H
710 865 873 918 umterstan
912 866 968 918 Tite
978 868 1111 934 vr'carage
1120 869 1147 920 is
1156 867 1315 934 desmate]

429 965 963 1044 HUMBERSTEIN.-Willelmus,
974 967 1174 1050 capellanus,
1187 979 1396 1050 presentatus
1411 989 1471 1052 per
1481 968 1595 1032 Abba-

339 1077 407 1132 tem
424 1078 457 1132 et
473 1079 674 1132 conventum
691 1070 734 1133 de
752 1069 991 1134 Humberstein
1007 1070 1051 1134 ad
1074 1081 1270 1154 perpetuam
1286 1073 1444 1135 vicariam
1460 1071 1596 1134 ecclesie

339 1169 382 1234 de
400 1171 638 1235 Humberstein
654 1182 706 1236 est
727 1171 902 1236 admissus.
949 1174 994 1237 Et
1017 1174 1154 1238 habebit
1169 1176 1309 1239 vicarius
1325 1176 1462 1238 nomine
1477 1175 1596 1238 vicarie

339 1274 453 1337 omnia
477 1285 513 1338 ut
537 1277 677 1339 vicarius
701 1277 744 1340 de
766 1276 983 1353 Hellesham;
1009 1288 1043 1341 et
1066 1279 1320 1342 memorandum
1346 1278 1436 1360 quod
1457 1279 1595 1341 vicarius

339 1376 439 1441 debet
462 1379 629 1462 percipere
652 1378 735 1442 duas
759 1400 887 1442 marcas
903 1380 946 1444 ad
962 1383 1119 1445 vestitum
1135 1402 1233 1444 suum
1256 1381 1299 1444 de
1314 1381 1539 1444 oblationibus
1554 1380 1597 1444 de

339 1491 481 1561 quatuor
491 1481 726 1564 principalibus
742 1481 833 1546 sestis
844 1484 938 1560 anni;
953 1494 987 1548 et
998 1483 1116 1547 Abbas
1125 1495 1159 1549 et
1174 1495 1359 1548 conventus
1374 1484 1596 1567 providebunt

339 1584 461 1647 vicario
485 1584 527 1648 de
557 1585 651 1662 tosto,
673 1596 707 1649 et
738 1587 962 1668 procurabunt
992 1588 1174 1670 hospitium
1200 1586 1446 1662 Archidiaconi,
1468 1597 1502 1650 et
1532 1587 1597 1649 alia

339 1707 440 1750 onera
455 1697 524 1751 tam
541 1687 707 1752 ordinaria
723 1709 824 1770 quam
841 1689 1107 1754 extraordinaria
1122 1690 1342 1754 sustinebunt.

339 1855 446 1926 [Rager
461 1857 495 1910 de
513 1857 684 1918 Cukewalde.
705 1858 842 1926 chaplain,
859 1859 1009 1926 precem
1022 1859 1056 1928 ty
1073 1860 1119 1912 tire
1136 1875 1213 1912 saeue
1232 1858 1321 1912 Aibat
1340 1859 1402 1912 and
1420 1860 1550 1920 Conveni,
1571 1861 1597 1912 is

403 1936 541 1992 admitted
548 1940 629 1992 ar'car
638 1939 673 2002 of
680 1939 912 2002 Hotton-le-Clay.
949 1941 1007 1993 Tite
1017 1941 1149 2009 ae'carage
1160 1943 1186 1994 is
1196 1941 1352 2011 &embadi

428 2039 595 2105 Hourou
634 2055 711 2119 Qua
744 2055 811 2106 asc
846 2044 1269 2126 connubunt—Rogems
1307 2043 1349 2106 de
1387 2042 1597 2119 Cukewalde,

338 2144 561 2226 cappellanus
592 2156 801 2228 presentatus
832 2167 892 2228 per
921 2145 1029 2210 dictos
1061 2147 1231 2211 Abbatem
1262 2157 1296 2211 et
1326 2157 1527 2210 conventum
1553 2145 1595 2208 de

341 2243 580 2310 Humberstein
604 2247 647 2310 ad
671 2258 866 2331 perpetuam
883 2250 1040 2312 vicariam
1063 2250 1201 2313 ecclesie
1224 2249 1267 2313 de
1290 2250 1449 2324 Houton’,
1464 2260 1515 2312 est
1538 2248 1596 2312 ad-

339 2351 477 2427 missus;
508 2372 572 2433 que
596 2352 718 2415 vicaria
741 2353 893 2416 consistit
923 2355 956 2416 in
987 2353 1073 2416 tosto
1103 2353 1307 2436 assignando
1337 2364 1371 2417 et
1402 2355 1434 2415 in
1466 2352 1596 2415 duobus

338 2455 510 2536 quarteriis
526 2455 682 2518 frumenti
699 2456 876 2538 paccabilis
887 2455 1107 2539 percipiendis
1123 2457 1156 2518 in
1173 2455 1258 2519 sesto
1271 2456 1386 2521 Sancti
1402 2457 1538 2519 Martini
1554 2454 1597 2518 de

339 2557 494 2640 predictis
507 2558 642 2622 Abbate
658 2568 691 2622 et
707 2569 872 2622 conventu
889 2559 932 2623 de
947 2560 1207 2642 Humbersteyn.
1255 2559 1300 2622 Et
1312 2561 1452 2622 vicarius
1464 2569 1595 2622 tantum

338 2660 444 2724 solvet
460 2660 636 2738 sinodalia;
656 2672 689 2725 et
706 2663 777 2745 ipse
793 2662 911 2725 Abbas
926 2673 960 2726 et
976 2673 1160 2726 conventus
1176 2662 1399 2745 procurabunt
1415 2662 1595 2745 hospitium

340 2761 575 2827 Archidiaconi
591 2775 625 2828 et
640 2775 750 2828 cetera
765 2785 866 2828 onera
879 2767 912 2828 in
929 2777 1127 2849 perpetuum
1140 2766 1359 2830 sustinebunt.
1400 2767 1445 2829 Et
1454 2776 1505 2829 est
1517 2777 1595 2829 tunc

338 2867 460 2930 vicaria
475 2869 622 2949 quinque
638 2889 832 2932 marcarum.

260 3109 264 3120 Ι
339 3035 466 3104 [Walter.
487 3037 625 3104 chaplain,
643 3039 792 3105 praeeat
810 3039 843 3107 by
864 3038 910 3092 tte
930 3055 1013 3102 same,
1033 3041 1058 3092 is
1079 3038 1218 3092 admitted
1235 3040 1317 3092 vicar
1336 3040 1372 3106 of
1396 3037 1498 3091 Waith.
1540 3037 1597 3090 The

403 3119 732 3187 vi'carageetdesaited.]

426 3222 573 3285 ante
604 3235 681 3299 Qua
714 3236 780 3287 esi
812 3222 1261 3298 uoxunouu.-Walterus,
1291 3221 1492 3305 capellanus,
1523 3242 1595 3304 pre-

338 3334 487 3387 sentatus
504 3346 561 3407 per
576 3324 711 3388 eosdem
728 3324 771 3388 ad
796 3335 991 3409 perpetuam
1008 3326 1165 3388 vicariam
1185 3326 1323 3388 ecclesie
1338 3324 1380 3388 de
1398 3325 1529 3400 Wathe,
1544 3335 1595 3386 est

337 3426 521 3505 admissus;
544 3448 609 3510 que
627 3429 748 3492 vicaria
770 3429 923 3491 consistit
946 3429 979 3490 in
1003 3438 1076 3492 toto
1099 3427 1261 3510 altaragio
1284 3449 1359 3491 cum
1384 3428 1469 3491 tosto
1492 3428 1594 3509 assig-

339 3529 460 3606 nand0,
475 3540 508 3594 et
527 3532 560 3593 in
575 3530 707 3594 decima
722 3532 900 3613 garbarum
924 3532 1028 3594 totius
1050 3531 1177 3594 culture
1197 3551 1261 3614 que
1277 3542 1414 3594 vocatur
1430 3529 1536 3594 Crofft
1550 3550 1594 3592 ex

338 3634 489 3696 orientali
513 3645 607 3716 parte
630 3635 767 3699 ecclesie
789 3635 832 3698 de
848 3635 981 3711 Wathe,
997 3655 1062 3716 que
1077 3636 1206 3698 cultura
1223 3636 1373 3698 continet
1392 3656 1468 3696 xxx
1484 3654 1595 3710 acras;

338 3746 371 3800 et
397 3738 429 3800 in
455 3737 586 3800 decima
611 3739 789 3820 garbarum
814 3740 965 3801 omnium
991 3738 1150 3801 tostorum
1178 3740 1280 3802 totius
1304 3738 1389 3813 ville,
1413 3748 1447 3800 et
1471 3738 1505 3798 in
1529 3756 1596 3798 uno

338 3841 503 3922 quarterio
533 3840 689 3904 frumenti
715 3841 873 3924 pacabilis
902 3840 1114 3924 percipiendo
1140 3842 1172 3904 in
1200 3842 1285 3904 sesto
1310 3841 1425 3905 Sancti
1453 3839 1595 3903 Martini.

340 3944 385 4006 Et
404 3944 543 4007 vicarius
559 3945 665 4008 solvet
684 3944 920 4007 tantummodo
936 3944 1118 4021 sinodalia;
1141 3955 1175 4008 et
1190 3945 1252 4026 ipsi
1270 3943 1387 4007 Abbas
1403 3954 1437 4006 et
1455 3963 1597 4017 conven7

338 4056 391 4109 tus
407 4056 516 4110 cetera
531 4067 632 4110 onera
655 4049 688 4110 in
705 4057 902 4130 perpetuum
926 4047 1144 4111 sustinebunt.
1192 4048 1237 4110 Et
1259 4058 1310 4110 est
1326 4048 1446 4110 vicaria
1469 4046 1505 4108 lx
1522 4045 1603 4121 soli,

337 4149 464 4213 dorum.

470 4357 653 4422 Ecclesm
679 4357 844 4423 Araxus
868 4373 917 4420 Ετ
942 4359 1178 4422 Conventus
1202 4372 1251 4420 ou
1276 4358 1481 4423 Gnmesa’n

338 4481 452 4550 [David
470 4482 607 4549 chaplain,
621 4482 769 4549 presented
782 4483 816 4551 by
831 4484 876 4536 tire
893 4482 983 4535 Ataot
995 4482 1056 4534 and
1075 4482 1201 4534 Conveni
1217 4482 1252 4549 os
1266 4481 1399 4549 Geimsby,
1418 4482 1444 4533 is
1462 4479 1599 4534 admitted

402 4564 482 4615 vicar
490 4564 526 4631 oJ'
535 4563 619 4616 Great
632 4563 765 4631 Gn‘mshy.
804 4565 830 4615 T
826 4565 860 4616 tte
871 4565 1004 4631 vicarage
1015 4565 1042 4615 is
1051 4563 1207 4631 described]

425 4674 604 4738 Guinesu’
628 4687 705 4751 Qua
729 4689 796 4739 usi
827 4673 1219 4748 novennem-David,
1242 4673 1442 4756 capellanus,
1465 4693 1597 4756 presen-

337 4786 427 4840 tatus
451 4798 509 4859 per
526 4777 695 4840 Abbatem
719 4789 752 4842 et
775 4789 977 4842 conventum
1001 4777 1044 4841 ad
1069 4787 1264 4860 perpetuam
1281 4778 1437 4840 vicariam
1460 4777 1597 4840 ecclesie

337 4880 380 4942 de
403 4879 518 4945 Sancti
542 4881 659 4962 Jacobi
681 4881 853 4957 Grimesb’,
877 4892 930 4945 est
954 4881 1139 4957 admissus;
1162 4902 1227 4963 que
1245 4882 1367 4943 vicaria
1389 4881 1541 4944 consistit
1563 4881 1595 4941 in

338 4994 480 5066 apportu
498 4985 593 5066 panis
608 4995 642 5047 et
661 4986 804 5061 cervisie,
820 4984 958 5059 decimis
974 5004 1158 5060 vaccarum,
1174 4983 1361 5059 vitulomm,
1376 5003 1549 5065 agnorum,
1564 4991 1597 5062 et
