3550 5692
320 510 366 624 t4'
661 505 797 613 leotari
819 510 996 637 lingones
1020 539 1064 614 de
1098 519 1231 616 Welles

317 775 459 851 tenhale,
475 789 679 860 querentem,
694 779 756 864 [et]
775 781 959 844 Henricum
979 782 1083 846 lilium
1101 783 1249 860 Roberti‚
1265 782 1514 861 deforciantem,
1529 782 1571 846 de

316 875 535 944 advocatione
556 883 695 947 ecclesie
717 883 760 946 de
784 884 938 962 Clistone,
960 883 1050 948 unde
1073 885 1233 968 placitum
1258 887 1318 950 suit
1349 888 1434 951 inter
1457 907 1514 951 eos
1537 886 1570 948 in

316 981 433 1045 eadem
461 985 559 1063 curia,
583 987 717 1063 scilicet,
740 988 830 1070 quod
859 989 1027 1071 predictus
1054 989 1220 1054 Henricus
1244 992 1438 1074 recognovit
1463 1000 1569 1056 totam

316 1084 569 1152 advocationem
594 1090 741 1173 predicte
764 1091 902 1155 ecclesie
924 1113 997 1156 esse
1017 1092 1072 1174 jus
1095 1095 1199 1177 ipsius
1223 1095 1367 1172 Ricardi,
1385 1104 1419 1158 et
1442 1114 1517 1158 eam
1539 1093 1570 1157 ei

317 1191 442 1254 remisit
472 1202 505 1256 et
530 1195 836 1276 quietamclamavit
859 1197 903 1260 de
929 1218 965 1260 se
994 1207 1029 1261 et
1055 1197 1097 1262 de
1124 1197 1301 1264 heredibus
1325 1199 1394 1262 suis
1421 1199 1571 1282 predicto

318 1295 462 1359 Ricardo
485 1306 519 1360 et
544 1297 719 1362 heredibus
740 1301 808 1363 suis
833 1301 1088 1383 imperpetuum,
1104 1323 1163 1384 per
1182 1322 1257 1385 que,
1272 1313 1343 1379 etc,
1361 1302 1404 1366 ad
1427 1301 1570 1366 eandem

317 1399 482 1464 admissus
502 1412 561 1480 est,
580 1413 614 1466 et
634 1403 726 1467 inea
746 1405 906 1468 canonice
925 1425 1067 1488 persona
1084 1405 1264 1471 institutus.
1312 1407 1357 1471 Et
1383 1405 1570 1488 injunctum

315 1511 366 1565 est
382 1504 532 1586 predicto
549 1506 807 1584 Archidiac0n0‚
823 1509 978 1590 presenti,
995 1519 1040 1586 ut,
1055 1518 1117 1573 etc.

316 1757 426 1828 [Henry
437 1760 470 1812 de
484 1761 639 1820 comitalia
654 1762 863 1832 Cleancellorof
868 1762 908 1816 St.
921 1749 1161 1828 hunjandam
1169 1764 1319 1832 presented
1327 1765 1360 1834 ty
1369 1765 1416 1818 tite
1424 1765 1506 1818 Dean
1515 1765 1575 1818 and

380 1840 717 1991 {peczgmsmrgqtituted
733 1849 759 1896 to
776 1844 821 1897 tite
837 1846 957 1912 ¹mediety
975 1846 1011 1914 os
1030 1846 1207 1914 Caddington
1227 1847 1283 1899 last
1299 1847 1367 1900 held
1381 1847 1415 1916 ty
1436 1847 1574 1901 Theobald

404 2026 603 2092 Msnrsrns
630 2041 680 2089 ns
712 2028 1174 2093 Kamunous-Henricus
1198 2029 1241 2093 de
1266 2030 1456 2108 Cornhulle‚
1483 2031 1569 2096 Can·

314 2129 465 2194 cellarius
486 2132 600 2196 Sancti
623 2133 716 2195 Pauli
743 2133 1004 2210 Londoniarum,
1024 2144 1234 2216 presentatus
1259 2155 1318 2217 per
1338 2136 1512 2200 Decanum
1536 2146 1570 2201 et

315 2235 498 2316 capitulum
521 2235 773 2299 Londdnienses
793 2236 836 2300 ad
853 2237 944 2300 illam
961 2238 1176 2301 medietatem
1196 2237 1334 2302 ecclesie
1354 2239 1397 2303 de
1418 2241 1569 2324 Kading·

314 2347 393 2400 tone
420 2358 520 2420 quarn
547 2339 786 2402 Theodbaldus
807 2340 1068 2403 Mediolanensis
1091 2341 1210 2404 ultimo
1231 2342 1347 2419 tenuit,
1372 2343 1461 2406 facta
1479 2345 1569 2426 prius

316 2437 529 2524 inquisitione
551 2463 609 2524 per
629 2443 667 2524 J,
691 2441 974 2506 Archidiaconum
999 2443 1206 2521 Bedesordie,
1230 2466 1418 2528 perquam,
1440 2455 1510 2524 etc,
1527 2446 1569 2509 ad

314 2545 455 2609 eandem
473 2545 687 2610 medietatem
705 2546 870 2610 admissus
886 2556 945 2610 est.
992 2547 1037 2610 Et
1059 2548 1256 2611 mandatum
1277 2559 1328 2612 est
1343 2550 1435 2613 dicto
1451 2548 1569 2614 Archi-

314 2647 455 2712 diacono
471 2658 516 2725 ut,
532 2659 593 2712 etc.
1518 2673 1521 2678 ·

314 2817 426 2877 [Robert
443 2818 477 2871 de
500 2819 670 2888 Wanetinge.
690 2819 858 2878 suideacon,
873 2819 1023 2886 presented
1038 2820 1072 2887 by
1091 2820 1136 2872 tire
1155 2821 1242 2874 Prior
1256 2821 1318 2874 and
1337 2823 1465 2876 Convent
1482 2824 1518 2891 of
1529 2823 1568 2877 St.

378 2900 470 2961 Neots,
482 2903 507 2954 is
518 2901 663 2954 instituted
672 2907 698 2955 te
710 2903 754 2954 tire
765 2902 865 2955 chureii
877 2903 913 2970 of
924 2903 957 2953 K
953 2902 1083 2971 notting]

401 3003 853 3068 CNOTTINGE.-Robertus
877 3005 920 3068 de
943 3005 1154 3088 Wanetinge‚
1177 3005 1413 3083 subdiaconus,
1437 3026 1569 3089 presen-

315 3118 403 3170 tatus
432 3129 490 3190 per
518 3109 663 3171 Priorem
688 3118 722 3172 et
747 3119 949 3172 conventum
976 3110 1091 3174 Sancti
1123 3109 1223 3174 Neoti
1254 3111 1297 3173 ad
1327 3112 1501 3174 ecclesiam
1526 3111 1569 3174 de

316 3211 506 3294 Cnottinge,
534 3212 621 3274 lacta
650 3213 739 3294 prius
769 3214 984 3295 inquisitione
1010 3234 1069 3296 per
1095 3214 1133 3295 J,
1150 3213 1435 3278 Archidiaconum
1463 3215 1568 3278 Bede-

315 3313 428 3390 sordie,
444 3335 502 3397 per
518 3336 628 3397 quam,
644 3327 714 3392 ete,
730 3315 772 3379 ad
789 3316 932 3379 eandem
949 3316 1115 3380 admissus
1131 3328 1191 3393 est,
1207 3327 1268 3381 etc.
1316 3318 1361 3382 Et
1381 3317 1568 3400 injunctum

314 3428 366 3482 est
381 3419 472 3482 dicto
490 3419 746 3497 Archidiac⁰n⁰‚
763 3422 919 3502 presenti,
935 3431 980 3497 ut,
995 3431 1056 3484 etc.

314 3672 434 3741 [Walter
443 3675 477 3725 de
492 3672 685 3732 Swaneburne,
696 3673 835 3740 chaplain,
842 3672 992 3740 presented
1004 3673 1037 3741 by
1047 3673 1093 3726 tite
1103 3673 1260 3727 Pn'orand
1273 3675 1439 3745 Conventof
1452 3676 1569 3729 Newen-

378 3755 452 3815 tram,
465 3756 490 3806 is
501 3755 645 3806 instituted
653 3756 734 3808 vicar
741 3755 778 3822 of
793 3755 987 3821 Cardington.]

403 3858 883 3940 KERDINGTON.—Magister
914 3856 1083 3920 Walterus
1113 3857 1156 3921 de
1193 3859 1429 3937 Swaneburne,
1459 3861 1567 3943 capel-

315 3962 419 4039 lanus,
446 3973 655 4044 presentatus
683 3983 741 4044 per
766 3963 914 4024 Priorem
940 3970 974 4025 et
998 3972 1198 4025 conventum
1227 3963 1269 4026 de
1295 3961 1493 4028 Niwenham
1524 3965 1566 4029 ad

314 4067 469 4129 vicariam
493 4067 631 4128 ecclesie
654 4065 696 4129 de
721 4065 963 4149 Kerdingtone,
987 4065 1075 4128 facta
1096 4065 1186 4147 prius
1210 4066 1426 4148 inquisitione
1450 4089 1508 4150 per
1529 4069 1567 4150 J.,

315 4169 597 4232 Archidiaconum
623 4169 828 4246 Bedesordie,
853 4189 1044 4251 perquam,
1069 4178 1140 4244 etc,
1164 4168 1206 4232 ad
1233 4169 1375 4233 eandem
1401 4171 1567 4234 admissus

315 4282 373 4349 est,
389 4293 465 4335 cum
490 4293 589 4334 onere
612 4283 645 4335 et
669 4293 756 4353 pena
779 4273 986 4350 vicariorum,
1010 4282 1071 4335 etc.
1118 4273 1164 4335 Et
1190 4272 1375 4354 injunctum
1401 4284 1452 4338 est
1476 4275 1566 4339 dicto

315 4375 571 4452 Archidiac0n0‚
587 4377 741 4457 presenti,
757 4385 803 4453 ut,
818 4386 879 4440 etc.

313 4573 452 4656 [unitam
470 4587 504 4638 ee
522 4585 680 4654 sennen,
703 4586 841 4653 channen,
853 4586 1002 4654 presented
1018 4586 1051 4654 ty
1071 4586 1116 4638 ne
1134 4603 1216 4649 sane,
1236 4588 1261 4639 ts
1278 4589 1424 4640 emerunt
1438 4590 1518 4642 vicar
1536 4591 1572 4658 os

377 4667 535 4736 Stagsden.]

401 4769 903 4836 STACHEDENE.—Willelmus
948 4771 990 4834 de
1030 4771 1224 4848 Bedesorde,
1262 4772 1463 4854 capellanus,
1494 4795 1565 4856 pre-

313 4885 462 4939 sentatus
489 4895 547 4956 per
571 4873 704 4937 eosdem
733 4873 774 4936 ad
802 4876 961 4936 vicarium
993 4874 1131 4938 ecclesie
1161 4875 1203 4938 de
1235 4876 1453 4966 Stachedene,
1478 4878 1565 4940 facta

312 4981 401 5067 prius
433 4979 647 5060 inquisitione
678 4999 736 5060 per
760 4978 796 5058 J.‚
824 4977 1107 5041 Archidiaconum
1136 4979 1343 5056 Bedefordie,
1371 5003 1429 5064 per
1455 5002 1566 5064 quam,
