3550 5692
336 605 379 676 18
674 602 812 676 Rotnli
833 602 1009 700 Hugonts
1033 603 1077 676 de
1112 599 1245 676 Welles

331 864 390 927 per
420 845 570 908 Fratrem
602 841 818 920 Thoraldum,
848 841 1023 908 custodem
1056 839 1244 926 Hospitalis
1273 839 1317 906 de
1349 839 1524 920 Hocklive,
1552 839 1588 908 et

330 946 448 1012 fratres
463 947 613 1029 ejusdem
633 948 696 1011 loci
716 948 759 1011 ad
779 947 955 1012 ecclesiam
970 947 1013 1011 de
1036 946 1212 1024 Hocklive,
1229 945 1317 1011 tacta
1336 948 1428 1030 prius
1449 947 1586 1030 inquisi-

329 1051 421 1116 tione
437 1073 496 1135 per
510 1052 548 1133 J.,
564 1051 848 1116 Archidiaconum
871 1050 1079 1129 Bedefordie,
1094 1072 1280 1135 perquam,
1294 1061 1366 1129 etc,
1380 1050 1423 1115 ad
1442 1051 1584 1115 eandem

330 1153 496 1220 admissus
510 1165 570 1232 est,
585 1165 646 1220 etc.
693 1155 738 1219 Et
755 1155 951 1220 mandatum
967 1164 1023 1219 est·
1033 1154 1125 1219 dicto
1142 1155 1390 1220 Archidiacono
1406 1165 1453 1233 ut,
1467 1165 1528 1220 etc

834 1381 976 1445 Annus
998 1375 1092 1444 xx⁰⁸.

395 1464 541 1533 [Mene]
643 1533 646 1538 ,

329 1544 440 1615 [Henry
466 1545 499 1600 de
526 1546 686 1610 Briletame,
709 1545 849 1614 cleptein,
867 1545 1017 1613 presented
1035 1545 1069 1613 by
1089 1544 1136 1598 tlte
1164 1544 1292 1599 Convent
1315 1545 1352 1614 os
1375 1543 1537 1609 Clee‘ctsand
1561 1546 1587 1598 is

392 1627 539 1682 instituted
554 1629 635 1682 vicar
653 1629 689 1696 os
711 1628 822 1696 Keysoe.
859 1628 918 1680 ΤΙιι
938 1629 1070 1696 vt’oarage
1091 1629 1117 1681 is
1137 1627 1282 1682 described
1315 1627 1344 1680 A
1362 1627 1482 1697 pensiore
1501 1628 1537 1695 os
1553 1645 1587 1693 ρ

393 1710 528 1780 stee'llings
546 1711 571 1764 is
589 1711 719 1764 received
734 1717 762 1764 to
779 1712 824 1765 tlte
841 1710 985 1779 Convent]

417 1813 602 1878 KAYSHOU
626 1813 1014 1877 VICARIA.-Henricus
1029 1812 1072 1877 de
1089 1811 1282 1888 Bidehame,
1296 1811 1497 1894 capellanus,
1513 1833 1585 1895 pre-

327 1927 478 1984 sentatus
497 1937 556 2000 per
574 1927 777 1982 conventum
800 1919 971 2000 utriusque
991 1938 1094 1983 sexus
1109 1916 1230 1980 domus
1246 1915 1289 1980 de
1308 1913 1521 1981 Chickesand
1541 1916 1583 1980 ad

328 2022 483 2086 vicariam
521 2021 660 2086 ecclesie
696 2020 739 2086 de
778 2022 951 2106 Kaystrou,
988 2021 1078 2085 lacta
1125 2022 1216 2104 prius
1262 2020 1478 2103 inquisitione
1526 2042 1584 2104 per

327 2125 525 2207 Johannem‚
556 2125 840 2189 Archidiaconum
870 2125 1077 2202 Bedesordie‚
1108 2144 1292 2208 perquam
1319 2125 1492 2206 negotium
1522 2124 1584 2189 tuit

328 2229 361 2292 in
387 2229 559 2314 expedito,
582 2229 624 2292 ad
651 2228 793 2292 eandem
817 2228 984 2293 admissus
1005 2240 1058 2293 est
1079 2238 1114 2293 et
1144 2229 1178 2292 in
1201 2249 1241 2292 ea
1262 2228 1423 2291 canonice
1444 2227 1585 2291 vicarius

327 2342 506 2415 perpetuus
522 2332 702 2409 institutus,
717 2352 794 2395 curn
810 2353 911 2397 onere
928 2331 1140 2396 ministrandi
1168 2331 1386 2415 personaliter
1404 2332 1437 2394 in
1456 2330 1585 2395 eadem.

326 2435 487 2500 Consistit
509 2443 622 2498 autem
642 2435 732 2498 dicta
750 2436 872 2498 vicaria
895 2437 928 2498 in
953 2445 1026 2499 toto
1053 2434 1218 2517 altaragio
1243 2443 1352 2517 preter
1377 2434 1492 2511 linum,
1507 2454 1583 2497 cum

326 2559 443 2602 manso
469 2547 690 2620 competente,
721 2538 820 2601 salvis
851 2547 983 2602 tanturn
1015 2537 1166 2621 predicto
1191 2539 1371 2602 conventui
1401 2537 1437 2600 xl
1468 2537 1586 2616 solidis

326 2641 453 2718 annuis,
484 2662 543 2724 per
570 2661 706 2708 manum
734 2643 846 2706 vicarii
882 2642 1116 2726 percipiendis,
1145 2641 1202 2724 qui
1233 2641 1369 2724 quidem
1400 2651 1585 2705 conventus

326 2735 439 2810 omnia
469 2746 534 2809 alia
564 2767 666 2809 onera
695 2746 879 2810 sustinebit
926 2747 973 2810 Et
1010 2745 1207 2811 mandatum
1244 2755 1297 2809 est
1333 2744 1427 2809 dicto
1465 2744 1584 2809 Archi-

326 2849 469 2913 diacono
490 2860 526 2913 ut
547 2848 655 2932 ipsum
686 2849 870 2913 Henricum
896 2849 1034 2914 inducat
1058 2849 1092 2912 in
1117 2849 1322 2932 corporalem
1346 2848 1437 2912 dicte
1462 2848 1584 2912 vicarie

326 2953 579 3035 possessionem.

326 3121 428 3192 [Hugh
450 3123 484 3176 de
505 3122 710 3191 Northgivelle
732 3123 901 3186 met-deacon,
920 3122 1070 3191 presented
1088 3123 1121 3191 by
1143 3121 1189 3176 tlte
1207 3122 1294 3176 Peior
1312 3123 1374 3176 and
1401 3122 1527 3175 Conveni
1552 3124 1589 3191 os

391 3204 573 3269 Newenteam,
587 3205 612 3258 e’s
632 3205 777 3259 instituted
784 3207 865 3259 vicar
874 3207 910 3274 qs
924 3206 1010 3259 Great
1019 3205 1152 3274 Barsord.
1190 3205 1248 3258 The
1258 3207 1390 3275 meorage
1405 3207 1430 3259 is
1440 3205 1583 3258 desm‘bed.

390 3287 419 3340 Α
426 3288 545 3355 peeesebn
556 3287 593 3354 os
605 3291 662 3340 two
673 3286 769 3339 marks
779 3288 803 3339 is
813 3287 945 3340 received
953 3292 980 3340 to
990 3287 1036 3339 the
1049 3286 1194 3356 convene]

414 3389 646 3452 BEREFORDE
669 3389 993 3472 VICARIA.—Hugo
1016 3390 1061 3454 de
1091 3389 1329 3473 Northgivelle,
1352 3389 1584 3467 subdiaconus,

326 3503 539 3577 presentatus
557 3515 615 3577 per
631 3495 778 3558 Priorem
800 3504 836 3558 et
857 3504 1059 3558 conventum
1075 3493 1119 3558 de
1143 3495 1345 3558 Newehame
1367 3495 1411 3558 ad
1426 3495 1583 3559 vicariam

326 3597 465 3662 ecclesie
485 3598 528 3660 de
551 3598 739 3675 Beresorde,
755 3600 953 3663 auctoritate
969 3599 1109 3664 Concilii
1125 3619 1184 3682 per
1199 3619 1260 3662 nos
1280 3599 1477 3676 ordinatam,
1496 3597 1584 3662 sacta

326 3702 417 3784 prius
441 3701 654 3784 inquisitione
677 3711 711 3766 et
734 3703 910 3766 taxatione
935 3723 993 3785 per
1008 3703 1047 3785 J.,
1067 3701 1352 3767 Archidiaconum
1376 3701 1583 3779 Bedesordie,

327 3825 385 3887 per
415 3824 527 3887 quam,
557 3813 628 3881 etc,
658 3805 701 3868 ad
731 3805 873 3870 eandem
905 3806 1071 3870 admissus
1101 3816 1152 3870 est
1181 3826 1258 3869 curn
1288 3825 1389 3869 onere
1425 3814 1461 3869 et
1497 3825 1583 3889 pena

326 3907 533 3972 vicariorum.
580 3908 741 3974 Consistit
764 3919 877 3975 autem
903 3910 976 3992 ipsa
1001 3910 1123 3975 vicaria
1148 3911 1182 3974 in
1207 3920 1280 3974 toto
1306 3909 1468 3993 altaragio
1491 3919 1526 3974 et
1549 3909 1583 3972 in

325 4010 464 4076 decimis
481 4011 748 4076 molendinorum
765 4024 800 4078 et
816 4015 849 4077 in
865 4014 1022 4077 omnibus
1039 4014 1176 4078 minutis
1191 4013 1330 4079 decimis
1345 4023 1456 4097 preter
1471 4013 1580 4077 lanam

325 4125 360 4180 et
389 4136 504 4199 agnos,
526 4136 602 4178 cum
635 4137 752 4180 manso
782 4127 997 4201 competente
1026 4118 1057 4181 ei
1087 4118 1267 4201 assignato,
1296 4118 1406 4181 salvis
1426 4117 1582 4199 predictis

328 4220 430 4283 Priori
461 4229 495 4283 ct
517 4221 696 4284 conventui
719 4221 849 4284 duabus
873 4222 993 4285 marcis
1016 4223 1135 4285 annuis
1158 4219 1342 4311 decadem
1366 4221 1488 4285 vicaria
1510 4240 1582 4304 pera

324 4323 495 4408 cipiendis,
521 4323 578 4406 qui
605 4323 740 4407 quidem
769 4325 964 4389 omnimoda
987 4325 1075 4389 illius
1099 4326 1238 4390 ecclesie
1263 4346 1365 4389 onera
1395 4324 1581 4389 sustinebit

326 4428 372 4514 Et
396 4427 486 4491 valet
506 4429 628 4492 vicaria
652 4440 729 4493 octo
754 4451 893 4508 marcaS,
917 4431 1030 4494 totalis
1057 4440 1169 4494 autern
1195 4430 1336 4494 ecclesia
1360 4427 1429 4492 xxti
1445 4449 1581 4493 marcas

327 4529 372 4595 Et
389 4530 575 4613 injunctum
590 4533 823 4620 estMagistro
839 4533 881 4611 S,
899 4533 1052 4612 officiali,
1068 4534 1223 4618 presenti,
1238 4543 1284 4611 ut,
1299 4543 1360 4598 etc.

323 4759 479 4828 [Reginald
487 4758 521 4812 de
540 4758 785 4828 Westlingwoettee,
798 4760 936 4829 chaplae'ra
944 4721 1094 4830 presented
1108 4764 1197 4833 hythe
1211 4777 1295 4822 sareu,
1306 4762 1331 4814 is
1345 4759 1492 4814 instituted
1504 4760 1585 4812 vim

338 4911 340 4919 Ι
388 4843 424 4910 ct
447 4840 630 4910 Candengton.
667 4842 724 4894 The
745 4843 877 4912 vicarage
894 4845 920 4897 is
938 4844 1079 4899 desendet.
1114 4845 1142 4898 A
1157 4846 1279 4914 pennen
1295 4844 1332 4911 os
1348 4859 1382 4908 ιο
1400 4841 1536 4911 sanngs
1556 4841 1584 4894 is

387 4923 518 4977 resetaed
526 4927 553 4975 to
564 4923 610 4975 the
623 4922 777 4994 Convenit]

359 5065 361 5072 J
409 5025 672 5106 Kenmnsone
713 5027 1140 5124 V1cAR1a-Reginaldus
1187 5029 1231 5098 de
1278 5025 1581 5110 Westlingworthe,
