3550 5692
331 563 399 630 116
678 552 814 627 Rutuli
828 552 1005 649 Hugonz's
1021 552 1065 625 de
1091 551 1224 625 Welles

326 791 500 860 [Alexander
513 790 547 843 de
562 788 754 938 Beelppdclerk,
767 788 919 856 presented
928 788 962 857 by
977 788 1076 857 Henry
1092 788 1266 849 Smerelrorn,
1284 790 1309 841 is
1328 788 1476 841 instituted
1491 793 1518 840 to
1539 787 1585 841 the

391 873 491 926 chnrclr
504 871 619 940 quirk
653 911 658 922 .

416 973 843 1039 mersen-Alexander
872 973 916 1037 de
955 974 1068 1050 Bicho,
1108 973 1255 1051 clericus,
1286 984 1496 1056 presentatus
1527 993 1585 1055 per

329 1081 513 1143 Henricum
531 1077 731 1144 Smerehom
748 1077 790 1139 ad
807 1077 981 1140 ecclesiam
1003 1078 1045 1141 de
1062 1077 1223 1159 Kirkeby‚
1239 1076 1327 1140 lacta
1343 1078 1432 1160 prius
1448 1078 1584 1159 inquisi-

326 1186 418 1248 tione
431 1204 489 1265 per
505 1182 567 1257 W,
583 1180 869 1245 Archidiaconum
889 1181 1071 1257 Lincolnie,
1088 1201 1146 1263 per
1161 1201 1271 1263 quam,
1286 1190 1357 1256 etc,
1373 1190 1407 1244 et
1422 1181 1584 1262 susceptis

328 1288 445 1351 litteris
465 1286 591 1349 domini
613 1286 716 1367 Regis
738 1283 829 1366 quod
853 1283 942 1347 idem
968 1284 1143 1360 Henricus,
1163 1285 1196 1348 in
1221 1286 1311 1347 curia
1333 1285 1436 1367 ipsius
1456 1284 1583 1347 domini

330 1392 443 1473 Regis,
454 1410 566 1453 coram
581 1389 771 1471 justiciariis
788 1388 864 1464 suis,
880 1389 1086 1469 recuperavit
1102 1389 1257 1451 seisinam
1274 1408 1368 1451 suam
1385 1389 1428 1451 de
1443 1388 1586 1452 advoca·

327 1497 417 1559 tione
447 1492 586 1557 ecclesie
616 1492 657 1555 de
690 1491 843 1573 Kirkeby
874 1512 987 1555 versus
1021 1490 1167 1554 Alanum
1199 1492 1329 1555 Briwer’
1357 1513 1415 1574 per
1445 1493 1583 1554 assisam

327 1599 443 1661 ultime
475 1596 739 1678 presentationis,
764 1604 798 1658 et
828 1595 918 1676 quod
950 1595 992 1657 ad
1024 1595 1306 1677 presentationem
1337 1595 1417 1657 dicti
1447 1595 1583 1658 Henrici

327 1702 482 1764 dominus
525 1700 712 1781 Episcopus
754 1697 909 1761 idoneam
955 1718 1131 1780 personam
1173 1697 1332 1762 admittat
1370 1697 1413 1763 ad
1458 1698 1583 1762 dictam

326 1804 500 1869 ecclesiam
517 1803 559 1865 de
577 1801 737 1883 Kirkeby‚
752 1811 803 1864 est
819 1799 994 1876 admissus
1010 1811 1044 1865 et
1063 1803 1223 1865 canonice
1243 1823 1384 1885 persona
1406 1804 1584 1879 institutus,

327 1909 389 1972 sub
405 1928 493 1989 pena
508 1904 792 1968 incontinentibus
808 1904 942 1967 inflicta.
989 1906 1035 1967 Et
1056 1905 1252 1968 mandatum
1269 1916 1320 1969 est
1337 1905 1585 1969 Archidiacono

329 2011 510 2086 Lincolnie,
527 2020 587 2072 etc.

211 2155 216 2163 “
327 2153 468 2220 [Geoffrey
478 2152 512 2204 de
526 2152 672 2219 Gn'mesby,
685 2150 764 2213 clerk,
771 2151 920 2218 presented
928 2151 961 2218 by
972 2151 1072 2205 Robert
1080 2151 1241 2213 Passelewe,
1250 2152 1296 2204 the
1305 2156 1397 2215 rector,
1408 2151 1433 2203 is
1443 2150 1588 2203 instituted

391 2235 472 2286 vicar
481 2236 517 2301 os
522 2232 791 2301 Irbyen·Hnmber.]

414 2337 535 2399 YREBI
558 2335 944 2400 VICARIA.—Galsridus
964 2335 1007 2399 de
1023 2335 1195 2413 Grimesb'‚
1211 2336 1357 2409 clericus
1373 2347 1582 2418 presentatus

327 2441 370 2504 ad
397 2442 554 2504 vicariam
580 2439 718 2503 ecclesie
744 2440 787 2503 de
811 2440 931 2503 Yresbi
963 2461 1021 2522 per
1047 2439 1231 2503 Robertum
1266 2441 1456 2517 Passelewe,
1481 2442 1583 2523 ipsius

326 2545 464 2609 ecclesie
502 2554 673 2619 rectorem,
702 2543 744 2607 de
779 2564 914 2607 assensu
953 2554 988 2607 et
1025 2544 1197 2607 voluntate
1237 2544 1393 2626 Hugonis
1426 2546 1582 2618 Peitevin,

326 2648 478 2730 ejusdem
502 2648 641 2711 ecclesie
664 2648 805 2729 patroni,
828 2646 916 2709 lacta
943 2648 1033 2728 prius
1061 2648 1275 2728 inquisitione
1299 2668 1358 2729 per
1382 2648 1441 2723 W,
1466 2646 1584 2710 Archi-

326 2753 506 2815 diaconum
526 2751 707 2827 Lincolnie,
723 2770 782 2832 per
801 2771 913 2832 quam,
928 2759 1000 2826 ete,
1016 2750 1058 2814 ad
1079 2749 1220 2813 eandem
1241 2751 1397 2813 vicariam
1419 2752 1583 2814 admissus

326 2865 387 2931 est,
403 2876 479 2918 cum
496 2875 596 2917 onere
612 2864 647 2917 et
663 2874 750 2936 pena
765 2854 972 2930 vicariorum,
987 2864 1021 2917 et
1037 2855 1177 2917 vicarius
1202 2854 1373 2917 institutus
1397 2855 1430 2916 in
1446 2854 1584 2930 eadem,

327 2960 384 3040 qui
408 2968 514 3021 totam
537 2958 721 3040 predictam
741 2957 916 3022 eeclesiam
941 2959 1076 3022 nomine
1098 2958 1219 3020 vicarie
1242 2978 1301 3021 sue
1323 2958 1450 3021 tenebit
1473 2958 1583 3039 quoad

327 3064 457 3138 vixerit,
489 3062 660 3125 reddendo
697 3061 788 3124 dicto
820 3062 978 3138 Robert0,
1008 3062 1158 3143 ejusdem
1196 3061 1334 3125 ecclesie
1372 3082 1521 3143 persone,
1551 3072 1585 3124 et

327 3167 572 3229 successoribus
610 3166 686 3241 suis,
716 3175 783 3229 tres
821 3186 949 3228 marcas
988 3187 1115 3229 annuas
1145 3166 1281 3229 nomine
1311 3166 1487 3247 pensionis.
1539 3166 1584 3227 Et

327 3270 513 3351 injunctum
531 3280 581 3333 est
598 3269 649 3333 W.
666 3269 708 3332 de
726 3268 888 3344 London’,
900 3269 1019 3332 clerico
1035 3269 1272 3333 Archidiaconi
1290 3268 1472 3345 Lincolnie,
1484 3269 1586 3350 quod,

326 3384 397 3448 ete,
414 3384 447 3437 et
463 3373 553 3455 quod
570 3373 743 3456 provideat
759 3373 849 3454 quod
865 3372 955 3436 dicta
970 3373 1109 3437 ecclesia
1126 3393 1184 3456 per
1200 3372 1357 3436 idoneum
1374 3371 1583 3454 capellanum

327 3476 500 3552 officietur,
516 3476 622 3539 donec
640 3476 807 3558 predictus
824 3476 964 3539 vicarius
980 3477 1013 3538 in
1031 3475 1203 3558 [illegible].
1243 3474 1246 3485 ’

326 3617 417 3686 [John
437 3618 470 3669 de
485 3618 639 3678 Lincolnie,
658 3618 736 3679 clerk,
751 3616 902 3686 presented
917 3616 949 3685 by
968 3617 1014 3670 the
1032 3617 1121 3669 Arbor
1136 3616 1196 3668 and
1215 3616 1392 3683 Conventus
1403 3615 1548 3683 Barlz'ngs,
1560 3615 1586 3665 is

392 3700 537 3753 tinstituted
545 3705 572 3752 to
583 3700 629 3752 tlte
640 3699 741 3752 cnnrch
751 3700 787 3768 of
793 3698 936 3752 Snelland.
970 3699 998 3750 A
1005 3700 1124 3765 pensirm
1136 3701 1171 3766 os
1181 3698 1250 3765 half
1259 3714 1277 3750 a
1293 3698 1374 3751 mark
1385 3699 1410 3749 is
1420 3696 1550 3749 reserved
1559 3701 1586 3748 to

392 3782 437 3834 the
450 3782 593 3846 Convent]

417 3882 921 3963 SNELLESLAMD.-Johannes
941 3882 983 3945 de
1005 3882 1188 3957 Lincolnia,
1208 3883 1354 3958 clericus,
1375 3889 1583 3963 presentatus

328 3989 371 4051 ad
403 3988 575 4051 ecclesiam
605 3986 676 4069 [de]
708 3984 928 4050 Snelleslamd
960 4006 1018 4067 per
1046 3985 1216 4049 Abbatem
1247 3995 1280 4048 et
1311 3989 1511 4048 conventum
1542 3982 1585 4045 de

330 4093 488 4167 Barlines,
515 4091 604 4154 sacta
634 4092 724 4173 prius
756 4090 978 4171 inquisitione,
1002 4098 1072 4165 etc,
1096 4088 1262 4152 admissus
1293 4098 1352 4164 est,
1378 4098 1412 4151 et
1442 4108 1584 4170 persona

328 4197 519 4272 institutus;
544 4194 636 4257 salva
656 4194 753 4256 dictis
774 4193 901 4257 Abbati
922 4202 955 4255 et
975 4194 1153 4256 conventui
1177 4213 1288 4255 annua
1311 4192 1450 4255 dimidia
1473 4212 1585 4254 marca

329 4301 464 4362 nomine
490 4299 640 4381 perpetui
668 4296 828 4372 beneficii,
852 4318 911 4379 per
937 4317 1073 4359 manum
1099 4296 1260 4377 ejusdem,
1287 4297 1342 4378 qui
1368 4316 1428 4378 pro
1452 4295 1526 4358 loco
1551 4305 1583 4357 et

328 4413 479 4485 tempore
495 4422 636 4485 persona
652 4401 756 4464 fuerit.
803 4400 848 4463 Et
864 4399 1050 4481 injunctum
1066 4400 1311 4463 Archidiacono
1329 4398 1511 4474 Lincolnie,
1522 4409 1582 4461 etc.

327 4546 474 4613 [Willian
498 4545 575 4607 clerk,
593 4542 741 4611 presented
760 4542 794 4609 by
812 4542 857 4595 tlte
879 4542 969 4594 Abhot
988 4542 1049 4594 and
1071 4542 1196 4594 Conveni
1211 4542 1247 4609 of
1264 4541 1304 4594 St.
1325 4541 1444 4603 Martin,
1464 4545 1496 4592 at
1510 4541 1581 4603 Se'ez,

391 4628 416 4679 is
427 4625 570 4679 imtitnted
578 4631 605 4677 to
616 4624 661 4677 tlte
671 4623 770 4677 chureh
782 4624 818 4691 of
825 4624 866 4677 St.
877 4623 1127 4690 Peter-ad-place'ta,
1141 4623 1278 4689 Lincoln]

415 4730 569 4794 ιΞΑΝΰΤΙ
597 4728 712 4790 PETRI
742 4726 1176 4802 LINCOLN'.-Willelmus,
1201 4726 1346 4801 clericus
1373 4734 1582 4807 presentatus

328 4832 370 4895 ad
396 4832 568 4896 ecclesiam
594 4829 709 4894 Sancti
735 4830 822 4892 Petri
847 4829 890 4891 ad
919 4828 1044 4892 Placita
1070 4829 1243 4892 Lincolnie
1269 4849 1328 4911 per
1351 4827 1521 4891 Abbatem
1548 4836 1580 4889 et

639 5008 648 5038 ¹
661 5007 730 5060 This
742 5016 821 5074 entry
833 5008 857 5059 is
869 5008 968 5059 scored
980 5008 1097 5073 through
1111 5010 1138 5059 in
1150 5009 1197 5060 the
1212 5008 1272 5061 MS.
