3550 5692
337 543 386 610 62
688 535 823 608 Rotulz'
846 535 1023 633 Hugonis
1048 553 1091 608 nc
1127 535 1259 608 Willis

351 687 491 697 ..ο-ιιι..
806 686 1042 694 —--.-——-
1097 687 1112 692 -
1136 687 1170 692 —
1194 685 1369 692 —---.-—·-
1417 687 1516 692 ——-
1535 685 1599 693 —a

425 777 609 840 Ecctusm
636 776 822 838 Mso1ssu1
846 788 895 836 Ετ
918 773 1153 838 convensus
1175 787 1225 836 ne
1249 774 1507 839 Sssunswsus.

341 899 489 968 [Residuis
495 899 528 952 de
547 898 795 966 Hametingeham,
808 897 946 965 ctaptatm
957 897 1103 963 presented
1118 897 1207 966 hythe
1223 899 1334 950 Master
1348 898 1410 950 and
1427 898 1553 951 Conveni
1568 899 1606 967 os

407 981 570 1044 Sticwould
583 982 609 1033 is
619 979 764 1034 instituted
772 981 853 1032 vicar
862 979 898 1047 os
904 980 1069 1034 Stirwoutd.
1107 981 1134 1031 Τ
1130 980 1164 1032 lte
1174 980 1307 1048 vicarage
1317 980 1342 1033 is
1352 979 1510 1046 desmate]

431 1081 931 1149 STIKESWALD'.-Randulfus
946 1082 989 1145 de
1006 1082 1301 1166 Hameringeham,
1313 1082 1512 1164 capellanus,
1528 1104 1600 1166 pre-

343 1197 492 1250 sentatus
509 1206 566 1267 per
584 1187 782 1268 Magistrum
799 1195 834 1248 et
848 1196 1050 1248 conventum
1067 1185 1109 1248 de
1125 1185 1333 1250 Stikeswald'
1346 1185 1389 1249 ad
1405 1196 1599 1268 perpetuam

343 1291 498 1352 vicariam
522 1289 565 1352 de
589 1288 797 1355 Stikeswald'
820 1298 870 1352 est
894 1288 1068 1365 admissuS,
1087 1299 1121 1353 et
1144 1291 1178 1352 in
1200 1310 1240 1352 ea
1263 1299 1443 1371 perpetuus
1461 1291 1601 1352 vicarius

344 1394 503 1456 canonice
519 1394 689 1456 institutus
704 1415 711 1468 ;
734 1413 799 1474 que
815 1393 860 1455 sic
877 1392 1031 1456 ordinata
1046 1403 1118 1456 est:
1141 1393 1282 1456 vicarius
1302 1394 1364 1457 erit
1385 1393 1428 1455 ad
1450 1413 1600 1456 mensam

347 1497 498 1578 Magistri
516 1508 552 1559 ut
562 1497 701 1558 vicarius
714 1495 877 1570 secularis,
889 1505 923 1558 et
939 1496 1075 1558 habebit
1090 1497 1262 1559 annuatim
1275 1495 1318 1558 de
1328 1495 1425 1558 dictis
1439 1497 1601 1578 Magistro

341 1611 377 1664 et
404 1610 569 1664 conventu
595 1621 645 1662 xx
677 1598 800 1662 solidos
827 1599 869 1662 ad
896 1601 1052 1664 vestitum
1078 1620 1183 1662 suum.
1231 1599 1276 1662 Et
1303 1601 1365 1682 ipsi
1392 1599 1553 1681 Magister
1567 1609 1601 1662 et

344 1715 527 1767 conventus
542 1703 767 1784 procurabunt
782 1703 963 1784 hospitium
982 1702 1225 1779 Archidiaconi,
1237 1713 1271 1766 et
1286 1703 1416 1765 solvent
1431 1702 1603 1780 sinodalia,

343 1818 377 1870 et
393 1817 502 1870 cetera
516 1827 617 1870 onera
633 1816 702 1868 tam
719 1805 884 1868 ordinaria
900 1827 1001 1888 quam
1017 1806 1281 1869 extraordinaria
1296 1806 1515 1869 sustinebunt.

345 1957 486 2024 [Wlliam
497 1957 531 2009 de
541 1957 576 2008 H
575 1956 685 2018 sandali,
698 1956 805 2017 aaaron,
812 1955 963 2024 presented
969 1955 1004 2023 by
1011 1957 1057 2009 tite
1068 1955 1179 2009 Master
1186 1955 1247 2008 nuri
1258 1955 1384 2009 Convent
1394 1957 1431 2025 of
1438 1955 1601 2018 sementi,

410 2039 462 2090 itas
473 2039 576 2106 charge
587 2038 622 2104 of
629 2037 784 2106 Hundleiv.
823 2038 849 2088 T
845 2036 879 2090 tte
890 2039 1021 2106 vicarage
1032 2039 1057 2090 is
1067 2037 1224 2104 described]

436 2150 635 2214 Huunnen’
667 2162 743 2225 Qus
775 2162 841 2212 ess
873 2148 1330 2211 sonunnnM.-Willelmus
1356 2148 1399 2211 de
1424 2148 1603 2223 Hundelb’,

339 2253 512 2327 diaconus
528 2260 736 2333 presentatus
753 2250 795 2312 ad
811 2261 1007 2333 perpetuam
1024 2251 1180 2313 vicariam
1195 2251 1333 2314 ecclesie
1344 2250 1388 2314 de
1406 2250 1600 2332 Hundelby,

346 2378 404 2438 per
433 2356 631 2437 Magistrum
656 2365 690 2416 et
715 2365 916 2416 conventum
944 2353 986 2417 dc
1014 2353 1242 2430 Stickeswald,
1268 2355 1369 2418 habet
1395 2355 1603 2431 custodiam;

343 2481 410 2542 que
431 2459 582 2521 consistit
601 2459 634 2520 in
658 2469 730 2520 toto
753 2456 923 2539 altaragi0,
938 2478 1014 2519 cum
1038 2457 1123 2520 tosto
1139 2458 1229 2540 quod
1254 2457 1417 2521 Radulsus
1434 2458 1476 2521 de
1492 2459 1604 2520 Wima

342 2564 462 2638 tenuit,
474 2574 507 2625 et
524 2563 556 2624 in
573 2561 710 2624 decimis
726 2560 904 2641 garbarum
924 2560 1107 2624 Hameletti
1123 2561 1166 2624 de
1182 2561 1350 2644 Spillesby
1365 2582 1441 2627 cum
1458 2563 1604 2643 quinque

346 2665 538 2729 sellionibus
568 2675 653 2728 terre
684 2663 873 2753 addictam
905 2663 1077 2727 ecclesiam
1102 2665 1350 2746 pertinentibus,
1398 2665 1443 2727 Et
1465 2666 1604 2727 vicarius

344 2770 451 2832 solvet
474 2766 709 2832 tantummodo
733 2765 909 2845 sinodalia;
936 2778 970 2830 et
990 2769 1052 2849 ipsi
1078 2769 1240 2850 Magister
1259 2778 1293 2831 et
1319 2778 1502 2831 conventus
1530 2789 1603 2850 pro·

346 2873 509 2936 curabunt
530 2870 711 2953 hospitium
734 2869 980 2946 Archidiaconi,
995 2881 1029 2934 et
1049 2872 1163 2934 omnia
1183 2870 1248 2934 alia
1269 2892 1370 2934 onera
1384 2871 1602 2935 sustinebunt

349 2978 394 3040 Et
410 2988 460 3039 est
476 2976 598 3038 vicaria
613 2976 760 3056 quinque
776 2994 971 3037 marcarum.

344 3125 493 3194 {Residuis
508 3124 541 3176 de
563 3124 699 3190 Wainflet.
717 3123 854 3189 chaplain
874 3125 1022 3190 presented
1037 3123 1071 3192 by
1086 3125 1131 3177 tite
1147 3125 1213 3177 said
1229 3125 1339 3177 Master
1354 3124 1416 3176 and
1434 3124 1560 3176 Conveni
1574 3125 1609 3191 of

412 3205 575 3267 Stixwould,
588 3207 613 3258 is
623 3204 769 3258 instituted
776 3206 856 3257 vicar
863 3204 899 3272 os
905 3205 1080 3273 Honington.
1118 3206 1174 3259 The
1185 3207 1316 3274 vacarage
1326 3207 1351 3258 is
1361 3205 1517 3272 desm'bed]

438 3308 689 3371 Huunm‘sou'
715 3320 791 3384 Qus
814 3320 879 3370 uss
899 3308 1358 3385 concussu-Randunus
1378 3307 1422 3370 de
1437 3307 1603 3384 wainflet,

347 3411 547 3493 capellanus
571 3421 780 3492 presentatus
802 3430 860 3491 per
879 3409 1046 3492 predictos
1066 3411 1265 3493 Magistrum
1286 3421 1320 3474 et
1340 3421 1541 3474 conventum
1562 3410 1604 3473 de

349 3512 558 3579 Stikeswald’
584 3513 627 3576 ad
659 3523 853 3595 perpetuam
885 3513 1041 3576 vicariam
1072 3514 1209 3576 ecclesie
1238 3514 1282 3577 de
1314 3513 1524 3577 Hundinton'
1554 3523 1603 3576 est

347 3616 522 3693 admissus
545 3627 579 3679 et
617 3617 650 3678 in
688 3637 728 3679 ea
758 3617 917 3679 canonice
946 3617 1086 3680 vicarius
1116 3628 1294 3700 perpetuus
1325 3619 1514 3695 institutus;
1541 3638 1603 3698 que

347 3722 499 3783 consistit
516 3721 548 3782 in
565 3730 637 3782 toto
658 3719 819 3801 altaragio
840 3730 874 3783 et
899 3721 932 3781 in
948 3719 1085 3783 decimis
1104 3731 1250 3783 ortorum
1267 3741 1465 3803 quocunque
1484 3741 1604 3802 genere

349 3823 439 3887 bladi
456 3823 535 3886 dicti
551 3824 614 3886 orti
638 3824 704 3885 sint
727 3824 890 3896 seminati,
912 3833 946 3886 et
969 3825 1002 3886 in
1018 3823 1156 3886 decimis
1178 3825 1277 3887 trium
1302 3825 1496 3887 bovatarum
1520 3835 1603 3887 terre
1638 3819 1643 3828 ’

346 3948 432 4010 quas
448 3927 635 3989 Willelmus
651 3925 737 3988 filius
755 3926 925 4002 Hawardi,
940 3926 1108 3991 Siwardus
1124 3926 1209 3989 filius
1229 3928 1372 4004 Ricardi,
1387 3939 1421 3990 et
1436 3927 1603 4009 Johannes

350 4031 436 4093 filius
453 4029 587 4093 Ricardi
605 4040 720 4093 tenent
737 4031 769 4092 in
786 4029 905 4093 eadem
922 4030 1007 4092 villa
1055 4031 1204 4094 Habebit
1222 4033 1324 4095 etiam
1341 4031 1449 4095 dictus
1464 4032 1603 4094 vicarius

350 4135 471 4197 tostum
497 4132 587 4214 quod
615 4133 676 4196 luit
701 4132 861 4196 Willelmi
886 4132 944 4194 filii
970 4133 1150 4214 Supplicii;
1174 4135 1301 4216 etipse
1328 4135 1468 4198 vicarius
1499 4133 1604 4196 solvet

350 4236 585 4304 tantummodo
606 4236 776 4298 sinodalia.
825 4237 869 4299 Et
890 4236 952 4317 ipsi
975 4236 1137 4318 Magister
1157 4248 1191 4301 et
1210 4248 1395 4300 conventus
1414 4237 1457 4300 de
1478 4237 1603 4302 Stikes-

350 4341 445 4405 wald'
462 4339 685 4422 procurabunt
702 4339 884 4421 hospitium
903 4339 1148 4416 Archidiaconi,
1159 4352 1194 4405 et
1208 4343 1323 4406 omnia
1338 4341 1404 4404 alia
1417 4361 1520 4406 onera
1535 4350 1603 4404 tam

351 4444 518 4508 ordinaria
540 4463 640 4524 quam
664 4442 932 4505 extraordinaria
953 4445 1173 4508 sustinebunt.
1231 4446 1277 4508 Et
1300 4456 1352 4510 est
1382 4455 1461 4508 tunc
1484 4445 1604 4508 vicaria

351 4549 498 4629 quinque
515 4566 708 4608 marcarum.

346 4696 458 4763 [Hugh¹
480 4695 616 4761 chaplain,
632 4694 780 4760 presented
794 4694 827 4761 by
844 4693 890 4745 tite
904 4709 986 4757 sante,
1005 4695 1031 4747 is
1046 4697 1192 4749 instituted
1206 4698 1287 4750 vicar
1300 4698 1336 4765 of
1347 4697 1517 4764 Lavingtom
1534 4696 1605 4748 alccs

415 4778 527 4830 Lenton
574 4776 600 4826 T
596 4776 630 4828 tte
641 4776 772 4842 vicaragc
783 4776 808 4826 is
819 4773 977 4842 described]

440 4877 651 4941 LAVINTON’
672 4890 748 4952 QUE
769 4890 837 4940 EST
855 4882 1238 4964 EORUNDEM.—Hug0,
1258 4881 1458 4962 capellanus,
1474 4899 1604 4963 presen-

263 5031 265 5036 ,
349 4992 441 5045 tatus
461 5003 520 5064 per
534 4981 669 5044 eosdem
691 4979 733 5042 ad
754 4988 949 5061 perpetuam
972 4981 1128 5046 vicariam
1148 4986 1286 5049 ecclesie
1300 4984 1343 5048 de
1363 4983 1540 5047 Lavinton'
1555 4991 1605 5045 est
1703 5054 1707 5064 ι
