3550 5692
597 580 775 684 Episcopi
798 581 1080 664 Lincolniensis.
1417 612 1459 685 91

207 823 429 887 dedicationis
451 824 590 889 ecclesie
610 826 665 908 jol,
688 837 721 889 et
744 827 881 891 habebit
905 829 1088 891 secundum
1113 830 1268 912 legatum.
1316 833 1466 897 Habebit

207 937 320 990 autem
337 951 388 991 xx
404 929 529 992 solidos
549 931 723 994 annuatim
745 931 787 994 ad
808 933 965 996 vestitum
987 954 1083 995 suum
1104 933 1146 997 de
1167 935 1264 997 dictis
1283 936 1417 1001 Abbate
1432 949 1466 1002 et

206 1042 373 1096 conventu
396 1035 635 1116 percipiendos,
651 1035 776 1099 scilicet
795 1037 837 1100 ad
855 1036 976 1100 festum
994 1038 1109 1102 Sancti
1132 1039 1267 1103 Martini
1289 1062 1312 1102 x
1332 1042 1466 1119 solidos,

206 1146 239 1197 et
255 1136 298 1198 ad
317 1138 537 1201 Pentecosten
555 1161 579 1200 x
596 1139 727 1202 solidos
776 1140 820 1203 Et
837 1142 899 1223 ipsi
915 1141 1031 1204 Abbas
1048 1152 1081 1204 et
1097 1152 1280 1206 conventus
1297 1144 1465 1209 invenient

206 1240 328 1301 vicario
349 1241 504 1304 clericum
528 1242 696 1319 idoneum,
712 1253 745 1306 et
765 1244 990 1325 procurabunt
1010 1245 1190 1327 hospitium
1218 1246 1465 1324 Archidiaconi‚

204 1352 239 1405 et
254 1353 365 1406 cetera
380 1365 481 1407 onera
497 1346 530 1407 in
548 1357 746 1428 perpetuum
764 1346 984 1411 sustinebunt.

205 1514 217 1577 [
223 1512 349 1566 Willtim
360 1513 394 1565 de
404 1514 503 1572 Rasne,
510 1516 661 1582 presented
668 1516 701 1584 by
711 1517 757 1569 the
767 1517 833 1569 said
842 1517 931 1570 Abbot
942 1518 1003 1571 ond
1014 1519 1144 1582 Conveni,
1157 1521 1182 1571 is
1193 1520 1338 1573 instituted
1346 1522 1426 1574 viror
1435 1524 1472 1589 of

269 1595 505 1665 trientinam]

294 1716 422 1777 MEDIA
448 1717 821 1781 RASNE.-Willelmus
839 1719 882 1783 de
900 1721 1021 1796 Rasne,
1037 1720 1237 1801 capellanus,
1255 1732 1465 1803 presentatus

205 1840 262 1901 per
293 1819 401 1882 dictos
429 1820 599 1884 Abbatem
624 1832 657 1884 et
682 1832 884 1885 conventum
913 1824 955 1886 ad
983 1822 1167 1905 predictam
1194 1825 1350 1887 vicariam
1376 1826 1465 1889 dicte

203 1922 341 1985 ecclesie
356 1923 399 1985 de
418 1924 532 1987 Media
549 1925 670 2001 Rasne,
685 1936 737 1989 est
752 1925 927 2003 admissuS,
943 1936 1003 1989 etc.
1019 1949 1025 2003 ;
1046 1947 1110 2008 que
1129 1928 1251 1990 vicaria
1263 1931 1415 1993 consistit
1431 1932 1464 1993 in

204 2036 276 2090 toto
299 2027 471 2108 altaragio,
490 2039 635 2110 excepta
658 2029 789 2092 decima
811 2051 974 2112 agnorum
999 2040 1032 2093 et
1057 2030 1138 2094 lane.
1188 2032 1338 2096 Habebit
1362 2035 1463 2098 etiam

203 2132 344 2193 vicarius
371 2131 492 2195 toftum
518 2133 608 2212 quod
633 2132 694 2196 fuit
719 2133 878 2196 Willelmi
902 2133 944 2197 de
969 2134 1137 2197 Welleton
1163 2156 1275 2199 versus
1301 2139 1462 2202 orientem

202 2236 350 2313 ecclesie,
361 2248 395 2299 et
412 2236 556 2299 inveniet
572 2237 634 2298 sibi
647 2237 802 2300 clericum
815 2237 982 2313 idoneum,
994 2249 1028 2301 et
1041 2239 1256 2320 respondebit
1272 2242 1314 2304 de
1326 2242 1463 2306 denario

205 2339 299 2402 Beati
322 2340 418 2417 Petri,
435 2361 534 2421 quem
560 2340 648 2402 idem
674 2342 815 2403 vicarius
838 2341 981 2423 colliget.
1030 2342 1074 2404 Et
1100 2342 1162 2423 ipsi
1188 2341 1306 2406 Abbas
1328 2355 1361 2407 et
1386 2368 1463 2409 con-

202 2454 322 2505 ventus
339 2444 564 2525 procurabunt
580 2445 762 2526 hospitium
776 2445 1023 2522 Archidiaconi‚
1033 2456 1067 2509 et
1083 2446 1213 2510 solvent
1230 2448 1413 2528 synodalia,
1430 2461 1463 2514 et

202 2549 316 2609 omnia
333 2546 397 2609 alia
413 2569 514 2610 onera
530 2550 563 2611 in
580 2560 777 2635 perpetuum
795 2550 1015 2613 sustinebunt.
1063 2550 1109 2613 Et
1127 2561 1178 2612 est
1194 2561 1273 2614 tunc
1290 2554 1411 2616 vicaria
1427 2554 1462 2616 lx

203 2651 394 2714 solidorum.

202 2889 275 2957 [Tite
285 2890 417 2957 vicarage
427 2890 463 2956 of
471 2889 602 2957 Minting
613 2890 637 2941 is
648 2895 698 2941 not
701 2895 751 2957 yet
759 2888 914 2957 ordeined]

239 2975 241 2978 Ι
292 3000 512 3064 MINTINGES
528 3020 593 3081 que
608 3010 660 3063 est
673 3001 794 3063 Prioris
810 3000 852 3063 de
867 3001 1050 3083 Mintinges
1068 3002 1218 3065 nondum
1234 3014 1285 3067 est
1301 3004 1461 3067 ordinata.

201 3269 357 3338 [Reginald
364 3268 399 3321 de
413 3268 440 3319 T
435 3268 608 3336 rikingham‚
620 3269 758 3336 cleoploin,
774 3270 922 3336 presented
933 3270 966 3337 by
983 3270 1028 3323 tire
1045 3270 1178 3339 Hospitol
1192 3273 1228 3340 of
1240 3273 1278 3325 St.
1292 3273 1417 3327 Laronia
1432 3234 1468 3344 of

267 3351 383 3413 Bnrton,
396 3352 421 3403 is
431 3350 576 3403 instituted
583 3352 663 3403 vicar
672 3352 708 3418 os
719 3351 745 3402 T
741 3352 964 3420 lireckingieom]

289 3461 835 3543 TRIKINGEHAM.—Reginaldus
880 3463 923 3526 de
967 3463 1217 3545 Trikingeham‚
1237 3514 1240 3521 .
1259 3467 1461 3548 capellanus,

202 3575 412 3648 presentatus
443 3586 502 3647 per
532 3565 647 3627 fratres
680 3565 795 3629 Sancti
829 3566 945 3628 Lazari
977 3567 1019 3629 de
1047 3567 1171 3630 Barton
1197 3569 1239 3632 ad
1265 3580 1460 3652 perpetuam

202 3670 357 3733 vicariam
385 3670 474 3732 dicte
499 3669 639 3732 ecclesie
666 3670 708 3732 de
734 3670 985 3752 Trikingeham,
1007 3681 1058 3733 est
1083 3671 1256 3749 admissus,
1283 3685 1366 3751 etc.;
1396 3696 1460 3756 que

201 3774 353 3836 consistit
369 3774 403 3835 in
424 3782 496 3835 toto
516 3772 678 3854 altaragio
698 3773 825 3855 absque
846 3774 958 3855 aliqua
977 3774 1208 3851 diminutione,
1224 3797 1299 3838 cum
1321 3778 1406 3840 tofto
1427 3778 1459 3839 in

200 3897 268 3958 quo
282 3876 385 3939 modo
400 3877 541 3939 vicarius
558 3876 688 3953 residet,
704 3886 739 3939 et
754 3878 816 3959 ipsi
834 3877 951 3940 fratres
968 3877 1084 3942 Sancti
1102 3878 1219 3943 Lazari
1236 3880 1461 3961 procurabunt

201 3981 383 4062 hospitium
409 3978 656 4056 Archidiaconi‚
672 3990 706 4043 et
732 3980 945 4043 sustinebunt
973 3980 1005 4043 in
1032 3993 1229 4065 perpetuum
1257 3985 1371 4047 omnia
1395 3985 1460 4047 alia

201 4105 303 4147 onera
323 4094 433 4165 preter
449 4084 635 4165 synodalia,
651 4105 716 4165 que
736 4085 876 4147 vicarius
900 4084 1005 4146 solvet
1026 4087 1262 4149 tantummodo
1278 4088 1458 4151 annuatim.

203 4187 247 4249 Et
263 4187 352 4250 valet
368 4188 490 4251 vicaria
506 4208 526 4250 v
542 4208 670 4250 marcas
686 4198 720 4251 et
735 4209 776 4250 eo
792 4189 944 4271 amplius

508 4496 692 4559 Eccuasffl
717 4498 869 4561 Pmonts
893 4511 943 4559 DE
968 4497 1153 4561 Baevaao

200 4624 343 4693 [Williom
355 4621 389 4673 de
404 4620 552 4683 Tallinton,
565 4622 703 4688 etzeploin,
716 4622 865 4688 presented
878 4622 912 4691 by
923 4623 968 4674 the
983 4623 1070 4676 Prior
1083 4625 1143 4676 aeid
1160 4625 1286 4677 Conveni
1295 4627 1331 4693 os
1337 4625 1457 4690 Belvoir,

264 4702 447 4756 &instituted
455 4704 579 4771 niceros
589 4704 772 4771 Tallington]
809 4728 814 4737 .

288 4813 761 4877 TALLINTON.—-Willelmus
776 4813 818 4877 de
835 4814 1018 4892 Tallinton,
1034 4816 1235 4898 capellanus,
1247 4826 1457 4900 presentatus

202 4939 260 5001 per
276 4919 423 4980 Priorem
439 4926 473 4981 et
489 4928 690 4981 conventum
707 4918 750 4980 de
768 4918 906 4981 llelvero
922 4918 964 4981 ad
982 4929 1178 5001 perpetuam
1195 4922 1350 4984 vicariam
1368 4921 1457 4985 dicte

201 5025 340 5088 ecclesie
369 5022 413 5085 de
440 5024 621 5099 Tallinton,
648 5033 699 5087 est
729 5023 905 5101 admissus,
932 5034 1014 5102 etc.;
1041 5046 1106 5107 que
1137 5028 1290 5091 consistit
1320 5028 1353 5089 in
1385 5035 1457 5089 toto
