3550 5692
601 588 778 688 Episcopi
809 587 1092 665 Lincolnz'ensis.
1398 615 1468 689 213
1521 538 1530 554 ὑ

217 830 306 895 facta
322 830 413 914 prius
428 828 643 912 inquisitione
659 849 718 910 per
735 828 784 905 R.,
795 828 1078 892 Archidiaconum
1093 829 1274 907 Lincolnie‚
1285 852 1344 913 per
1358 852 1469 914 quam,

215 952 286 1019 etc,
301 942 344 1005 ad
364 942 506 1007 eandem
527 941 702 1004 ecclesiam
723 940 888 1003 admissus
909 950 969 1017 est,
984 951 1018 1004 et
1037 942 1070 1004 in
1090 962 1131 1005 ea
1153 944 1312 1006 canonice
1329 964 1469 1026 persona

216 1046 396 1110 institutus.
443 1043 489 1109 Et
505 1044 701 1107 mandatum
717 1054 769 1108 est
783 1044 892 1107 eidem
912 1044 1158 1109 Archidiacono
1175 1056 1219 1123 ut,
1234 1055 1295 1110 etc,

215 1266 355 1337 [William
365 1266 399 1318 de
409 1265 580 1333 Mopettotp,
593 1264 730 1333 chaploitr,
738 1266 886 1332 presented
893 1267 926 1333 by
937 1266 983 1319 tlte
994 1265 1084 1318 Aibat
1091 1266 1153 1318 and
1164 1266 1333 1336 Conventos
1340 1269 1468 1338 Markby,

279 1350 304 1401 is
314 1348 461 1401 instituted
468 1348 548 1400 vicar
555 1348 591 1414 os
597 1346 672 1414 Holy
686 1347 801 1415 Yn'nity,
813 1347 916 1415 Bilsby.
954 1348 1011 1401 Tlte
1021 1349 1153 1416 vicarage
1164 1350 1189 1401 is
1200 1347 1356 1417 described]

301 1491 734 1576 [BILESBY.]—Willelmus
750 1491 792 1555 de
810 1492 1022 1574 Mapertorp',
1043 1493 1244 1575 capellanus
1259 1504 1469 1577 presentatus

216 1617 274 1679 per
291 1597 438 1659 Priorem
455 1604 489 1659 et
512 1604 714 1659 conventum
734 1594 777 1657 de
795 1594 961 1676 Markeby
984 1593 1026 1657 ad
1048 1597 1205 1660 vicariam
1223 1598 1346 1662 Sancte
1362 1598 1469 1662 Trini-

215 1701 293 1764 tatis
318 1698 361 1764 de
386 1700 531 1781 Bilesby‚
556 1698 644 1761 lacta
671 1699 760 1781 prius
788 1700 1002 1781 inquisitione
1029 1721 1088 1782 per
1113 1700 1161 1777 R,
1186 1700 1469 1767 Archidiaconum

217 1803 398 1880 Lincolnie‚
420 1823 478 1885 per
499 1822 611 1884 quam,
625 1811 697 1879 etc,
717 1802 760 1865 ad
787 1802 930 1866 eandem
956 1804 1112 1867 vicariam
1138 1803 1303 1868 admissus
1324 1816 1383 1881 est,
1399 1817 1470 1884 etc,

215 1928 291 1971 cum
314 1928 414 1971 onere
438 1916 472 1971 et
496 1927 582 1989 pena
609 1908 813 1970 vicariorum.
861 1907 907 1970 Et
927 1907 1124 1971 mandatum
1149 1918 1200 1971 est
1222 1909 1331 1973 eidem
1352 1910 1469 1974 Archi-

214 2009 356 2074 diacono
373 2020 418 2087 ut,
429 2020 489 2074 etc.
536 2010 707 2085 Consistit,
719 2020 841 2085 autem,
854 2010 927 2092 ipsa
936 2010 1057 2073 vicaria
1074 2012 1106 2073 in
1123 2014 1196 2075 totd
1211 2012 1377 2096 altalagi0,
1386 2025 1420 2078 et
1436 2015 1469 2078 in

215 2114 370 2177 omnibus
385 2113 523 2177 decimis
539 2113 626 2176 illius
641 2112 779 2176 ecclesie
795 2123 905 2195 preter
920 2113 1066 2176 decimas
1082 2114 1270 2197 garbarum,
1285 2126 1319 2179 et
1334 2118 1368 2179 in
1384 2118 1470 2181 tofto

215 2219 386 2301 assignato
414 2228 449 2281 et
483 2227 713 2299 competenter
742 2215 905 2293 edificato,
935 2227 970 2280 et
1004 2218 1217 2301 respondebit
1253 2222 1393 2285 vicarius
1427 2223 1470 2288 de

215 2321 441 2403 synodalibus,
467 2332 501 2385 et
527 2322 678 2384 canonici
704 2320 770 2382 alia
793 2341 895 2384 onera
919 2321 1086 2412 ordinaria
1112 2322 1226 2387 debita
1250 2334 1284 2387 et
1311 2337 1470 2391 consueta

214 2426 328 2488 omnia
343 2426 563 2489 sustinebunt.
609 2424 710 2490 Valet
725 2424 847 2488 vicaria
862 2447 882 2487 v
899 2446 1027 2489 marcas
1043 2428 1226 2490 annuatim.

214 2644 299 2711 [John
315 2643 349 2697 de
360 2644 586 2714 Levessinglram,
598 2644 766 2707 suddeacon,
777 2646 926 2711 presented
939 2646 973 2713 by
983 2646 1119 2714 Margety
1130 2646 1228 2710 Foliot,
1242 2650 1267 2700 is
1284 2650 1430 2703 instituted
1443 2656 1470 2704 to

278 2743 297 2778 a
308 2728 427 2794 pensiore
443 2727 551 2795 offonr
565 2727 660 2780 marks
676 2728 705 2780 in
724 2727 785 2781 that
795 2729 909 2794 portien
921 2728 956 2795 of
963 2728 1008 2781 tire
1023 2728 1123 2781 cdnrcle
1135 2730 1170 2797 os
1177 2730 1366 2799 Leasinglram
1378 2732 1469 2785 witich

280 2807 358 2861 Alan
369 2809 467 2877 holds]

290 2927 837 3012 [LEVESINGJHAM—Johannes
863 2928 906 2992 de
935 2929 1206 3013 Levessingham‚
1236 2932 1469 3011 subdiaconus,

215 3029 424 3115 presentatus
440 3053 499 3115 per
516 3032 718 3115 Margeriam
736 3033 845 3096 Foliot
861 3031 903 3095 ad
922 3034 1116 3115 pensionem
1127 3044 1271 3116 quatuor
1284 3056 1468 3101 marcarum

215 3135 302 3199 illius
318 3136 480 3218 portionis
501 3156 603 3217 quam
621 3136 783 3217 Magister
805 3135 935 3198 Alanus
957 3146 1049 3200 tenet
1072 3137 1105 3200 in
1130 3137 1268 3201 ecclesia
1288 3138 1332 3201 de
1350 3139 1469 3203 Leves-

215 3238 378 3323 singham,
393 3239 482 3302 sacta
498 3240 588 3321 prius
609 3240 824 3321 inquisitione
844 3260 903 3321 per
919 3240 968 3316 R,
985 3240 1269 3305 Archidiaconum
1288 3242 1470 3319 Lincolnie‚

215 3364 275 3426 per
292 3363 403 3426 quam,
422 3352 494 3419 etc,
512 3342 678 3405 admissus
697 3354 758 3420 est,
776 3353 810 3407 et
830 3343 863 3405 in
883 3364 924 3407 ea
950 3346 1110 3408 canonice
1134 3366 1276 3427 persona
1298 3347 1469 3412 institutus

214 3457 280 3525 est;
311 3446 402 3511 salva
427 3447 518 3510 dicto
546 3446 709 3529 Magistro
729 3446 780 3523 A,
800 3447 961 3529 quamdiu
984 3449 1114 3525 vixerit,
1135 3450 1257 3512 vicaria
1282 3470 1342 3513 sua
1367 3471 1468 3533 quam

214 3552 315 3616 habet
339 3552 372 3614 in
395 3550 523 3614 eadem.
570 3552 616 3614 Et
638 3550 833 3614 mandatum
857 3550 937 3634 [est]
961 3551 1051 3614 dicto
1073 3551 1320 3617 Archidiacono
1341 3564 1387 3631 ut,
1407 3565 1468 3619 etc.

218 3655 409 3737 lnjunctum
426 3664 478 3718 est
492 3654 583 3718 dicto
598 3655 637 3737 J,
652 3655 715 3717 sub
730 3675 816 3737 pena
836 3654 1013 3718 amittendi
1034 3654 1240 3732 beneficium,
1255 3657 1345 3739 quod
1362 3659 1468 3723 scolas
1531 3726 1533 3735 y

215 3760 402 3842 frequentet
417 3766 452 3822 et
468 3757 628 3821 addiscat

214 3972 312 4041 [Pelen
324 3971 441 4039 neptrew
457 3971 493 4039 of
503 3971 546 4035 B,
558 3971 655 4039 Papal
671 3971 872 4035 Chamberlain,
880 3972 1029 4040 presented
1042 3974 1076 4042 by
1085 3973 1206 4038 Boedas,
1220 3990 1256 4027 on
1267 3975 1366 4042 bedols
1377 3976 1413 4043 os
1424 3976 1469 4029 tlte

276 4054 342 4108 said
353 4053 556 4116 Chamberlain,
568 4055 594 4106 is
604 4054 749 4106 instituted
756 4059 783 4106 to
794 4055 840 4107 tlte
850 4054 949 4121 chapel
957 4054 992 4122 of
998 4055 1159 4121 Barasrot]

302 4198 723 4275 uastissima-Petrus,
742 4218 847 4282 nepos
868 4199 1021 4282 Magistri
1042 4200 1086 4275 B,
1102 4200 1229 4263 domini
1250 4201 1340 4283 Pape
1360 4221 1467 4265 came·

214 4304 298 4380 rarii,
328 4304 474 4380 clericus,
505 4312 714 4385 presentatus
745 4323 802 4385 per
837 4302 1036 4385 Magistrum
1072 4303 1241 4381 Boecium,
1272 4304 1467 4370 familiarem

214 4407 341 4471 domini
364 4408 462 4489 Pape,
486 4406 621 4469 nomine
645 4406 725 4469 dicti
747 4408 926 4483 camerarii,
946 4406 988 4469 ad
1012 4407 1173 4489 capellam
1197 4408 1240 4472 de
1264 4408 1468 4487 Barkeston’,

215 4512 342 4576 ratione
365 4510 533 4593 prebende
555 4509 697 4573 borealis
720 4509 809 4593 apud
835 4510 982 4574 Graham
1009 4532 1111 4593 quam
1138 4512 1248 4591 habet,
1264 4513 1352 4578 sacta
1377 4516 1467 4597 prius

214 4615 427 4697 inquisitione
452 4631 517 4696 per·
532 4614 581 4691 R,
605 4612 888 4677 Archidiaconum
915 4614 1096 4693 Lincolnie‚
1113 4636 1172 4699 per
1192 4637 1304 4699 quam,
1327 4628 1398 4696 etc.,
1423 4618 1465 4682 ad

213 4718 355 4783 eandem
385 4717 552 4781 admissus
576 4726 636 4794 est,
660 4727 694 4781 et
721 4718 754 4779 in
780 4738 820 4780 ea
846 4718 1005 4781 canonice
1035 4740 1178 4801 persona
1208 4721 1379 4786 institutus
1410 4744 1468 4805 per

214 4823 429 4899 Willelmum,
453 4842 620 4885 cursorem
643 4820 771 4883 domini
796 4822 896 4904 Pape,
912 4832 1159 4903 procuratorem
1183 4824 1225 4887 ad
1253 4826 1316 4888 hoc
1340 4825 1466 4891 datum.

215 4926 325 5004 Teste,
340 4926 479 4989 domino
496 4924 720 4989 Bathoniensi.
768 4925 813 4988 Et
833 4924 1030 4989 mandatum
1046 4936 1097 4990 est
1113 4927 1203 4991 dicto
1220 4928 1467 4994 Archidiacono

213 5039 250 5093 ut
265 5029 392 5094 dictum
410 5031 546 5093 Petrum
562 5050 621 5112 per
637 5039 884 5112 procuratorem
901 5050 998 5093 suum
1015 5030 1048 5093 in
1065 5031 1280 5113 corporalem,
1296 5042 1356 5096 etc.
