3550 5692
306 599 352 668 te
647 575 783 666 Rotuli
807 581 983 690 Hugonis
1006 581 1052 668 de
1085 582 1227 668 Welles.

306 831 520 914 inquisitione
543 850 602 913 per
621 831 660 912 J,
676 830 962 895 Archidiaconum
987 829 1195 908 Bedeiordie,
1210 851 1270 913 ρετ
1291 850 1404 914 quam,
1418 838 1491 906 etc,
1506 849 1565 912 per

308 935 508 1018 Magistrum
532 935 571 998 R.
587 933 630 998 de
645 934 827 1011 Wendour,
843 945 1092 1018 procuratorem
1109 955 1217 1012 suurn,
1235 933 1300 998 sub
1318 954 1406 1018 pena
1424 932 1565 999 Concilii

305 1039 471 1104 admissus
487 1048 538 1104 est
553 1039 595 1102 ad
611 1038 763 1117 eandem,
777 1048 812 1104 et
828 1060 887 1122 ρετ
903 1038 1110 1103 Willelmum
1127 1038 1170 1103 de
1191 1039 1299 1116 Kava,
1315 1046 1563 1123 procuratorem

306 1163 403 1207 suurn
420 1141 462 1206 ad
479 1141 512 1205 id
529 1142 758 1219 constitutum,
774 1143 807 1205 in
824 1142 1069 1224 possessionem
1086 1142 1190 1224 ipsius
1206 1143 1328 1208 missus
1347 1140 1565 1226 corporalem,

307 1245 392 1310 sicut
411 1244 607 1310 nrandatum
624 1245 686 1310 suit
703 1245 866 1330 Magistro
883 1245 926 1324 S,
942 1254 1022 1310 tunc
1040 1245 1185 1312 Officiali
1204 1245 1442 1310 Archidiaconi
1459 1243 1564 1310 Bede-

308 1349 421 1416 iordie.

396 1522 464 1608 [On
480 1522 532 1588 tea
546 1522 638 1588 dorse
650 1523 719 1607 :—]

307 1639 456 1712 [uallum
474 1640 614 1708 sub-prior
631 1641 667 1709 of
681 1639 823 1702 Caldwell,
843 1641 868 1694 is
887 1638 1034 1694 instituted
1042 1640 1131 1710 prior,
1144 1639 1256 1708 having
1274 1639 1339 1692 been
1356 1639 1458 1694 elected
1472 1638 1507 1708 by
1518 1639 1564 1692 tlte

375 1723 504 1778 Conveni
542 1723 569 1774 Τ
565 1722 600 1774 Ιιι
602 1723 683 1791 serm
695 1724 731 1792 of
737 1725 929 1792 presentation
941 1723 966 1776 is
972 1723 1086 1792 geben]

396 1826 510 1888 Frater
544 1824 742 1903 Willelmus,
772 1825 943 1908 quondam
983 1825 1147 1910 Supprior
1183 1823 1227 1889 de
1261 1823 1476 1904 Kaldewelle,
1507 1845 1565 1908 per

307 1939 509 1996 conventum
532 1927 683 2011 ejusdem
704 1929 767 1992 loci
789 1931 991 1994 unanimiter
1010 1930 1045 1993 in
1065 1929 1213 1993 Priorem
1232 1929 1358 1994 clectus
1378 1938 1413 1993 et
1428 1928 1567 1993 domino

309 2033 479 2117 Episcopo
505 2041 724 2116 presentatus,
749 2033 946 2097 examinata
970 2034 1060 2117 prius
1086 2033 1249 2098 electione
1276 2053 1336 2116 per
1361 2033 1506 2098 eundem
1533 2042 1566 2097 et

307 2136 443 2202 inventa
458 2134 614 2201 concordi
630 2146 664 2201 et
680 2138 850 2216 canonica,
866 2158 1041 2221 perquam
1064 2137 1238 2221 negotium
1260 2136 1322 2201 suit
1341 2137 1375 2200 in
1395 2136 1567 2222 expedito,

307 2239 351 2305 ad
373 2239 518 2304 eundem
541 2241 724 2323 prioratum
748 2241 914 2306 admissus
941 2251 1000 2320 est,
1027 2250 1061 2306 et
1085 2243 1119 2304 in
1146 2263 1187 2306 eo
1211 2241 1371 2332 canonice
1394 2241 1567 2306 institutus

310 2343 410 2420 Prior,
425 2353 486 2407 etc.
533 2343 579 2406 Et
600 2344 797 2408 mandatum
814 2355 865 2410 est
887 2345 1031 2411 Officiali
1049 2344 1286 2409 Archidiaconi
1303 2345 1502 2409 Bedesordie
1522 2355 1567 2422 ut,

308 2445 380 2509 vice
397 2445 643 2524 Archidiaconi,
655 2447 741 2511 circa
758 2448 1019 2512 installationem
1035 2448 1140 2531 ipsius
1157 2449 1278 2512 Prioris
1293 2447 1386 2530 quod
1403 2468 1500 2512 suum
1516 2458 1567 2512 est

307 2559 502 2633 exequatur.
550 2551 672 2614 Forma
685 2553 956 2634 presentationis:
981 2551 1273 2616 Reverendissimo
1286 2553 1372 2636 patri
1384 2563 1418 2617 et
1430 2552 1568 2616 domino

311 2653 364 2731 H,
390 2654 454 2718 Dei
481 2655 589 2737 gratia
617 2655 841 2718 Lincolniensi
868 2657 1036 2740 episcopo,
1059 2656 1171 2721 devoti
1195 2656 1258 2740 [in]
1282 2655 1348 2721 fide
1370 2667 1404 2720 et
1427 2657 1566 2720 veritate

308 2756 366 2820 filii
383 2758 534 2836 humiles
547 2759 697 2822 canonici
714 2757 756 2821 de
769 2758 988 2837 Caudewelle,
1004 2771 1153 2824 eternam
1170 2760 1203 2823 in
1220 2761 1358 2824 domino
1374 2761 1516 2824 salutem
1533 2769 1566 2823 et

308 2861 466 2926 devotam
498 2862 691 2926 omnimode
722 2862 939 2944 subjectionis
970 2865 1196 2928 reverentiam.
1258 2863 1347 2948 Quia
1378 2864 1475 2928 nobis
1506 2885 1566 2947 pro

308 2967 478 3029 communi
503 2967 610 3029 carnis
633 2965 826 3030 conditione
850 2967 1054 3032 subtractam
1080 2969 1201 3032 Prioris
1226 2969 1329 3032 nostri
1361 2969 1565 3050 presentiam

308 3071 478 3133 sanctitati
509 3080 617 3134 vestre
648 3090 754 3153 nuper
781 3072 1018 3149 nuntiavimus,
1043 3073 1197 3137 invocata
1220 3071 1398 3156 diligenter
1423 3072 1567 3156 Spiritus

309 3173 424 3238 Sancti
462 3174 570 3256 gratia
599 3194 673 3238 eam
713 3194 890 3256 personam
921 3175 964 3238 ad
996 3176 1144 3258 regimen
1175 3185 1326 3238 nostrum
1357 3174 1567 3240 concorditer

311 3275 472 3359 elegimus
492 3297 592 3360 quam
613 3277 796 3359 disciplinis
817 3278 1043 3360 spiritualibus
1059 3289 1093 3342 et
1109 3279 1235 3343 ordinis
1250 3279 1462 3343 observantia
1478 3300 1567 3363 pres·

307 3379 486 3444 tantiorem
514 3379 691 3444 efficaciter
714 3381 929 3463 probavimus
953 3391 987 3444 et
1012 3382 1045 3445 in
1072 3382 1226 3465 gerendis
1253 3383 1392 3446 ecclesie
1422 3384 1567 3466 negotiis

308 3483 548 3566 temporalibus
567 3483 815 3566 prudentiorem
838 3485 963 3548 utiliter
985 3485 1159 3563 sensimus,
1180 3495 1214 3550 et
1237 3507 1350 3550 coram
1374 3486 1567 3550 hominibus

309 3587 497 3669 gratiorem.
544 3584 710 3669 Quocirca
740 3587 861 3652 dilecte
886 3587 983 3651 nobis
1008 3589 1042 3651 in
1069 3588 1207 3652 domino
1238 3589 1431 3672 paternitati
1458 3598 1567 3654 vestre

308 3690 535 3773 supplicamus
551 3690 719 3754 humiliter
739 3701 772 3756 et
788 3691 909 3756 devote
925 3693 1083 3774 quatinus
1104 3694 1254 3756 Fratrem
1271 3694 1333 3770 W,
1349 3693 1565 3777 Suppriorem

309 3795 468 3870 nostrum,
481 3816 501 3858 a
518 3795 614 3858 nobis
630 3797 789 3860 canonice
804 3806 838 3859 et
854 3796 1056 3861 unanimiter
1070 3798 1224 3874 electum,
1236 3797 1380 3878 benigne
1396 3797 1564 3881 recipiatis

310 3919 369 3981 per
392 3899 508 3962 iratres
535 3907 665 3962 nostros
691 3899 761 3963 vice
786 3909 900 3964 nostra
926 3900 1021 3963 vobis
1046 3901 1316 3983 presentandum,
1337 3911 1371 3965 et
1395 3901 1514 3979 eidem,
1538 3902 1566 3964 si

310 4002 429 4085 placet,
459 4002 623 4084 prioratus
660 4001 985 4066 administrationem
1024 4005 1058 4066 in
1088 4004 1190 4068 domo
1224 4014 1338 4068 nostra
1367 4005 1566 4068 auctoritate

310 4114 419 4168 vestra
449 4105 675 4168 committatis.
723 4107 891 4170 Memores
921 4107 1068 4170 caritatis
1090 4118 1124 4172 et
1147 4107 1372 4172 misericordie
1396 4118 1505 4176 vestre
1531 4109 1565 4171 in

310 4227 370 4270 nos
386 4227 519 4269 oramus
535 4207 655 4272 devote
672 4218 708 4271 ut
724 4208 818 4272 vobis
834 4211 937 4272 vitam
954 4220 988 4274 et
1007 4211 1149 4293 gratiam
1169 4221 1314 4276 vestram
1336 4233 1395 4295 per
1414 4221 1567 4296 tempora

310 4307 411 4393 longa
428 4311 520 4374 Deus
536 4321 717 4376 conservet.

806 4537 946 4601 Annus
969 4535 1076 4601 xxP‘.

309 4642 461 4708 [Nicltolaa
490 4641 628 4710 chaplain,
647 4644 797 4711 presented
818 4644 851 4712 by
876 4645 922 4698 the
944 4645 1031 4698 Pn'or
1049 4646 1110 4699 and
1137 4647 1262 4700 convent
1281 4649 1317 4717 ef
1336 4648 1517 4712 Navenham,
1541 4649 1566 4701 is

375 4724 522 4777 instituted
529 4725 653 4792 υἱωνοί
669 4724 862 4794 Goldington]

397 4827 653 4892 GOLDINTONE
685 4828 1095 4908 VICARIA.-Nicholaus,
1125 4833 1326 4914 capellanus,
1357 4843 1566 4918 presentatus

310 4950 369 5012 per
389 4931 536 4994 Priorem
559 4943 594 4994 et
616 4942 818 4995 conventum
842 4933 885 4996 de
910 4934 1092 4998 Neweham
1116 4934 1158 4998 ad
1183 4936 1339 4999 vicariam
1362 4933 1501 5000 ecclesie
1523 4937 1566 5000 de

312 5032 524 5109 Goldintone,
555 5035 752 5099 auctoritate
783 5036 924 5099 Concilii
955 5057 1013 5118 per
1043 5056 1104 5100 nos
1134 5037 1334 5116 ordinatam,
1358 5039 1446 5104 iacta
1476 5040 1566 5124 prius
