3550 5692
331 555 402 628 208
667 553 805 628 Retnle'
825 552 1004 649 Hugonis
1028 552 1071 625 de
1107 552 1239 625 Welles

328 814 387 877 per
409 813 520 875 quam,
542 801 613 867 etc,
635 792 679 855 ad
702 791 845 856 eandem
868 790 1034 854 admissus
1056 800 1116 867 est,
1134 799 1195 853 etc.
1243 789 1288 852 Et
1311 788 1509 852 mandatum
1532 798 1583 852 est

327 896 419 961 dicto
436 895 683 960 Archidiacono
699 906 745 974 ut,
760 906 821 959 etc.

327 1042 469 1110 [Wlliam
485 1042 519 1094 de
537 1040 625 1103 Haill,
643 1039 810 1103 suddeacon,
824 1040 974 1107 presented
988 1041 1021 1109 by
1032 1040 1166 1095 Nicholas
1180 1042 1214 1094 de
1230 1041 1346 1109 Pe'seley,
1363 1042 1466 1108 astera
1477 1040 1584 1107 dt'spnte

391 1123 527 1177 aboutthe
532 1126 696 1190 paronage,
709 1122 734 1173 is
744 1121 890 1174 instituted
899 1127 925 1174 to
936 1123 981 1175 the
992 1124 1092 1175 cturcle
1104 1124 1140 1191 os
1151 1122 1358 1191 Wllinglram]

415 1233 907 1298 WYLINGHAM.—Willelmus
930 1233 973 1297 de
999 1233 1108 1310 Haill’,
1124 1234 1357 1310 subdiaconus,
1373 1241 1583 1316 presentatus

328 1360 387 1423 per
414 1338 613 1401 Nicholaum
641 1335 683 1399 de
711 1336 849 1418 Piseley,
873 1338 1001 1400 ratione
1028 1338 1143 1400 uxoris
1170 1358 1237 1414 sue,
1264 1337 1306 1400 ad
1336 1336 1511 1401 ecclesiam
1542 1334 1583 1398 de

329 1442 567 1524 Wollingham,
583 1440 672 1504 facta
690 1441 781 1523 prius
800 1440 1015 1522 inquisitione
1038 1462 1096 1523 per
1120 1440 1306 1505 Officialem
1332 1440 1528 1523 predictum,
1550 1448 1584 1501 et

328 1548 469 1630 receptis
485 1546 587 1609 literis
606 1543 733 1607 domini
751 1545 854 1627 Regis
870 1545 1119 1608 continentibus
1135 1545 1235 1627 quod,
1251 1566 1326 1607 cum
1345 1543 1527 1608 Nicholaus
1542 1542 1584 1605 de

329 1651 460 1733 Piseley
469 1659 503 1713 et
516 1648 694 1725 Amabilia,
705 1669 792 1711 uxor
802 1647 883 1729 ejus,
900 1648 1124 1732 sum[m]oniti
1140 1659 1253 1712 essent
1268 1669 1380 1711 coram
1394 1646 1584 1730 justiciariis

328 1756 371 1819 ad
387 1755 451 1817 hoc
467 1754 643 1835 assignatis
659 1752 748 1836 apud
760 1753 970 1816 Lincolniam
986 1754 1029 1816 ad
1046 1752 1316 1837 respondendum
1329 1750 1527 1816 Alexandro
1542 1750 1584 1813 de

331 1857 459 1920 Hilton'
475 1876 577 1939 quare
596 1876 663 1918 non
682 1856 903 1938 permiserunt
922 1875 998 1918 eum
1021 1866 1213 1938 presentare
1233 1855 1390 1918 idoneam
1407 1874 1583 1937 personam

328 1961 370 2025 ad
393 1959 566 2025 ecclesiam
591 1958 634 2023 de
656 1958 882 2041 Wolingham,
906 1960 968 2041 ipsi
994 1959 1033 2023 N.
1050 1969 1085 2022 et
1109 1959 1150 2023 A.
1167 1969 1328 2023 venerunt
1352 1958 1493 2041 cora[m]
1516 1958 1583 2039 jus-

328 2065 462 2129 ticiariis
485 2063 621 2148 prelatis
644 2073 678 2126 et
699 2062 900 2126 sufficienter
925 2062 1144 2127 ostenderunt
1166 2063 1256 2145 quod
1282 2064 1344 2146 ipsi
1370 2063 1492 2144 injuste
1517 2082 1583 2125 non

262 2245 266 2250 ,
328 2168 592 2251 impediverunt;
615 2166 704 2230 unde
726 2166 972 2229 consideratum
996 2167 1059 2231 suit
1082 2168 1171 2249 quod
1192 2168 1253 2250 ipsi
1271 2167 1311 2230 N.
1328 2176 1362 2231 et
1379 2167 1419 2231 A.
1436 2166 1498 2230 hac
1513 2167 1585 2242 vice

328 2282 604 2355 recuperaverunt
629 2272 912 2353 presentationem
929 2292 1023 2335 suam
1045 2271 1087 2334 ad
1111 2272 1286 2334 ecclesiam
1310 2271 1529 2348 antedictam3
1551 2280 1585 2334 et

328 2378 404 2441 ideo
416 2376 506 2459 quod
523 2397 590 2439 non
607 2375 764 2440 obstante
780 2376 1016 2439 reclamatione
1032 2376 1135 2458 ipsius
1149 2374 1346 2452 Alexandri,
1359 2375 1400 2439 ad
1417 2384 1585 2457 presenta-

328 2482 453 2544 tionem
487 2480 635 2562 ipsorum
664 2478 704 2541 N.
728 2488 762 2541 et
787 2479 827 2542 A.
852 2479 894 2541 ad
922 2480 1063 2543 eandem
1092 2479 1268 2543 ecclesiam
1296 2479 1417 2543 idonea
1443 2499 1585 2561 persona

328 2585 568 2659 admitteretur,
592 2603 650 2666 per
668 2603 742 2665 que,
757 2592 828 2658 etc,
843 2582 886 2645 ad
911 2584 1035 2646 dictam
1059 2583 1234 2647 ecclesiam
1259 2582 1424 2646 admissus
1446 2592 1505 2659 est,
1523 2592 1583 2646 etc.

329 2689 374 2752 Et
391 2688 587 2751 mandatum
604 2696 655 2750 est
672 2686 920 2749 Archidiacono
938 2687 1110 2751 Lincolnie
1126 2697 1172 2763 ut,
1187 2697 1249 2751 etc.

326 2857 466 2927 [Geoffrey
481 2857 514 2909 de
530 2856 697 2925 Bekzgrnam,
714 2856 851 2923 chaplain.
864 2856 1014 2924 presented
1030 2856 1123 2925 hythe
1142 2857 1279 2925 Kniglrts-
1285 2858 1311 2909 T
1307 2857 1436 2924 emplars,
1457 2856 1582 2919 Thomas,

391 2940 499 3001 deacon,
512 2939 622 3005 having
632 2939 788 2991 renennced
794 2939 840 2991 hes
851 2939 940 2997 claim,
953 2939 977 2990 is
988 2939 1135 2991 instituted
1145 2941 1226 2993 vetar
1239 2940 1274 3007 os
1280 2938 1436 3007 Aslackby]

414 3048 872 3133 [ASLAJKEBY.—Galfridus
888 3049 931 3112 de
948 3050 1144 3132 Bekigham,
1160 3049 1360 3132 capellanus,
1376 3058 1584 3131 presentatus

328 3175 387 3237 per
410 3154 561 3216 Fratrem
588 3152 772 3216 Robertum
796 3152 839 3215 de
864 3153 1026 3229 Sansord’,
1045 3155 1233 3216 ministrum
1257 3153 1378 3216 Militie
1396 3152 1531 3235 Templi
1551 3152 1583 3213 in

329 3256 463 3339 Anglia,
483 3256 524 3319 ad
546 3257 702 3319 vicariam
726 3256 865 3319 ecclesie
883 3256 926 3319 de
943 3256 1145 3339 Aselakeby,
1161 3257 1248 3320 lacta
1264 3257 1354 3339 prius
1373 3257 1585 3338 inquisitione

329 3381 388 3443 per
404 3360 688 3425 Archidiaconum
707 3360 889 3437 Lincolnie,
906 3381 965 3443 per
980 3381 1090 3442 quam,
1102 3372 1172 3438 etc,
1183 3360 1486 3438 Thoma,diacon0,
1496 3361 1585 3442 prius

327 3474 520 3547 presentato
538 3463 581 3527 ad
602 3463 754 3540 eandem,
772 3465 836 3545 juri
853 3484 914 3526 suo
934 3464 1127 3546 simpliciter
1142 3475 1176 3528 et
1191 3464 1343 3528 absolute
1362 3466 1585 3539 renunciante,

328 3568 370 3632 ad
394 3568 535 3631 eandem
560 3578 610 3631 est
633 3567 808 3645 admissus,
826 3578 898 3644 etc,
916 3589 992 3630 cum
1016 3588 1116 3631 onere
1138 3578 1172 3631 et
1195 3588 1282 3651 pena
1302 3569 1508 3641 vicariorum,
1524 3577 1584 3630 etc.

329 3672 375 3735 Et
391 3671 587 3734 mandatum
604 3681 655 3734 est
670 3670 761 3734 dicto
778 3670 1026 3735 Archidiacono
1042 3682 1087 3747 ut,
1103 3682 1163 3735 etc.

326 3820 446 3889 [Gilbert
455 3819 488 3871 de
499 3819 636 3882 Folebeke,
649 3820 790 3886 chaplain,
795 3820 945 3886 presented
957 3821 990 3889 by
1001 3820 1047 3874 tlte
1058 3820 1147 3874 Abbot
1159 3821 1221 3874 and
1231 3821 1358 3873 Convent
1372 3822 1408 3889 os
1420 3821 1582 3885 Newhonse,

393 3903 418 3954 is
428 3901 573 3954 instituted
581 3903 661 3953 vicar
669 3902 704 3969 os
710 3901 786 3953 East
795 3900 923 3969 Hellen]

416 4012 863 4096 [HALTON’.]—Gilebertus
886 4012 930 4075 de
955 4014 1131 4091 Folebeke,
1152 4013 1352 4097 capellanus
1375 4024 1584 4097 presentatus

330 4139 388 4201 per
415 4116 585 4180 Abbatem
612 4127 646 4179 et
673 4126 874 4179 conventum
901 4116 943 4180 de
971 4118 1109 4180 Neuhus
1134 4117 1176 4181 ad
1202 4119 1357 4181 vicariam
1381 4118 1518 4182 ecclesie
1542 4116 1584 4180 de

332 4221 478 4296 Halton’,
495 4220 582 4283 facta
603 4221 693 4303 prius
712 4221 926 4301 inquisitione
947 4242 1005 4303 per
1029 4220 1077 4297 R,
1094 4221 1377 4285 Archidiaconum
1404 4221 1583 4298 Lincolnie,

330 4346 389 4409 per
409 4344 519 4407 quam,
534 4334 605 4401 etc,
624 4324 667 4387 ad
690 4322 832 4386 eandem
855 4325 1012 4387 vicariam
1036 4324 1201 4387 admissus
1225 4324 1313 4408 [est],
1332 4336 1366 4389 et
1389 4326 1421 4388 in
1445 4346 1485 4389 ea
1508 4345 1583 4388 cum

329 4449 430 4492 onere
441 4437 475 4491 et
486 4448 572 4510 pena
584 4428 790 4503 vicariorum,
799 4437 860 4490 etc.
900 4428 945 4491 Et
961 4429 1157 4492 mandatum
1171 4438 1222 4492 est
1234 4428 1324 4492 dicto
1338 4428 1584 4492 Archidiacono

330 4543 376 4610 ut,
391 4541 452 4595 etc.
469 4553 475 4609 ;
494 4532 688 4614 provisurus
703 4531 793 4613 quod
810 4530 899 4594 dicte
915 4533 1035 4596 vicarie
1051 4553 1186 4595 mansus
1202 4534 1395 4616 assignetur.

330 4703 471 4772 [Nomen
487 4702 521 4754 de
537 4702 634 4754 Monte
643 4702 717 4763 Alte,
728 4701 898 4764 subdeacon,
905 4702 1055 4766 presented
1068 4703 1102 4771 by
1112 4704 1207 4773 Roger
1221 4703 1254 4756 de
1270 4702 1368 4757 Monte
1378 4703 1490 4766 Alte,is
1506 4703 1583 4755 insti·

395 4784 472 4837 tuted
482 4788 509 4836 to
523 4784 567 4835 the
578 4783 679 4836 cdnrch
690 4784 725 4852 of
731 4783 906 4852 Harmston]

418 4892 977 4977 [HERMESTOJN’.—Normannus
1008 4895 1050 4959 de
1082 4897 1200 4959 Monte
1231 4896 1323 4974 Alto,
1352 4895 1583 4971 subdiaconus,

331 5005 539 5079 presentatus
557 5016 614 5079 per
630 4997 799 5079 Rogerum
816 4997 859 5060 de
879 4998 997 5062 Monte
1014 4999 1097 5063 Alto
1113 4999 1155 5062 ad
1172 4999 1345 5065 ecclesiam
1362 4998 1405 5062 de
1426 4998 1582 5065 Hermes-
