3550 5692
581 554 759 652 Episcopi
782 555 1063 628 Lr'ncolnr'ensc's.
1404 563 1450 650 63

191 795 367 871 admissus,
383 804 417 857 et
430 794 462 856 in
475 815 515 856 ea
531 795 690 858 canonice
702 796 844 858 vicarius
855 790 1037 876 perpetuus
1049 795 1235 868 institutus;
1252 815 1317 875 que
1329 797 1452 859 consis-

192 901 235 961 tit
247 899 280 960 in
298 910 370 961 toto
386 898 548 979 altaragio
561 909 630 960 tam
647 899 785 961 ecclesie
797 918 898 980 quam
915 898 1118 979 capellarum
1135 897 1178 960 ad
1194 897 1336 961 eandem
1349 898 1452 962 eccle-

194 1004 278 1064 siam
303 1002 550 1083 pertinentium,
566 1011 601 1063 et
623 1002 656 1063 in
681 1001 820 1064 decimis
836 1001 1014 1084 garbarum
1031 1001 1135 1064 totius
1151 1002 1273 1083 proprii
1290 1000 1450 1064 dominici

196 1103 328 1167 Radulfi
347 1104 455 1180 Ridel,
471 1105 504 1166 in
529 1103 666 1186 Kiseby.
713 1105 758 1167 Et
774 1106 915 1167 vicarius
934 1105 1072 1167 habebit
1088 1103 1297 1185 capellanum
1314 1105 1452 1180 socium,

193 1217 228 1270 et
257 1207 363 1270 solvet
393 1207 630 1270 tantummodo
657 1208 839 1286 sinodalia;
870 1219 905 1270 et
930 1209 991 1289 ipsi
1019 1209 1181 1289 Magister
1207 1217 1241 1270 et
1267 1217 1451 1270 conventus

192 1311 418 1393 procurabunt
434 1310 615 1391 hospitium
630 1312 881 1387 Archidiaconi,
889 1320 923 1374 et
935 1311 1158 1393 providebunt
1168 1312 1291 1373 vicario
1303 1309 1346 1374 de
1358 1311 1452 1387 tost0,

191 1425 226 1478 et
242 1415 355 1477 omnia
370 1413 436 1476 alia
451 1434 551 1476 onera
568 1415 785 1478 sustinebunt.
833 1416 878 1477 Et
894 1424 945 1478 est
961 1425 1040 1501 tunc
1056 1415 1177 1477 vicaria
1193 1437 1217 1476 x
1234 1435 1428 1477 marcarum.

192 1584 306 1652 [Hugh
318 1583 455 1652 chaplain,
463 1583 611 1650 presented
619 1583 652 1652 by
663 1585 708 1637 tlte
718 1601 799 1647 same,
812 1586 838 1637 is
848 1583 995 1636 instituted
1002 1585 1083 1637 vim
1091 1583 1127 1650 os
1132 1582 1360 1651 Bassingtlrorpe.
1394 1585 1421 1635 Τ
1417 1584 1452 1636 he

197 1721 199 1725 ,
258 1667 389 1734 vr'carege
401 1667 425 1718 is
437 1664 593 1733 described]
732 1687 735 1696 =
798 1687 799 1690 ¹
1016 1686 1019 1690 “
1380 1654 1400 1692 ⁶

281 1768 422 1831 THORP'
439 1782 516 1844 QUE
530 1782 597 1832 EST
621 1769 1007 1850 EORUNDEM.-Hug0,
1025 1769 1225 1849 capellanus,
1241 1778 1450 1849 presentatus

194 1893 253 1954 per
267 1871 404 1934 eosdem
421 1872 463 1934 ad
481 1882 675 1953 perpetuam
688 1873 845 1934 vicariam
862 1871 999 1936 ecclesie
1015 1871 1057 1935 de
1074 1871 1207 1953 Thorp¹,
1219 1884 1270 1935 est
1286 1872 1451 1935 admissus

190 1976 282 2039 etin
308 1996 347 2040 ea
371 1977 531 2040 canonice
557 1977 697 2039 vicarius
725 1985 905 2057 perpetuus
930 1977 1124 2052 institutus;
1147 1996 1212 2057 que
1238 1976 1390 2038 consistit
1417 1977 1451 2038 in

192 2091 265 2143 toto
296 2079 466 2162 altaragi0,
489 2090 522 2143 et
553 2081 584 2141 in
611 2080 749 2142 decimis
779 2081 956 2162 garbarum
989 2081 1091 2143 totius
1122 2079 1279 2142 dominici
1312 2080 1450 2143 Roberti

194 2183 345 2245 Basewin
361 2184 394 2245 in
411 2183 528 2246 eadem
545 2182 631 2258 villa,
648 2192 757 2264 preter
773 2184 844 2246 illas
861 2194 965 2247 terras
978 2204 1061 2264 quas
1079 2183 1217 2265 predicti
1237 2184 1399 2265 Magister
1414 2194 1450 2247 et

193 2296 376 2349 conventus
391 2286 517 2350 habent
533 2286 575 2348 de
591 2286 682 2349 dicto
695 2287 863 2349 dominico
880 2298 1031 2369 tempore
1047 2287 1146 2368 hujus
1162 2288 1405 2368 assignationis,
1417 2297 1451 2350 et

193 2391 226 2452 in
250 2390 388 2452 decimis
418 2389 595 2472 garbarum
619 2390 760 2453 duarum
792 2391 989 2454 bovatarum
1021 2404 1107 2455 terre
1130 2401 1164 2454 et
1187 2390 1324 2454 dimidie
1349 2390 1450 2455 Alani

194 2493 293 2556 Kibel
319 2493 493 2556 ineadem
510 2493 588 2556 villa
609 2493 652 2557 de
669 2494 800 2576 Thorp’.
850 2495 896 2557 Et
920 2495 1059 2557 vicarius
1082 2495 1189 2556 solvet
1212 2494 1450 2557 tantummodo

191 2597 355 2660 sinodalia
368 2619 374 2674 ;
391 2606 424 2659 et
440 2597 502 2678 ipsi
518 2599 680 2680 Magister
691 2608 724 2661 et
737 2609 921 2662 conventus
934 2598 1156 2680 providebunt
1167 2599 1290 2660 vicario
1302 2597 1344 2661 de
1356 2598 1451 2674 testu,

192 2710 226 2763 et
249 2700 473 2782 procurabunt
497 2701 679 2782 hospitium
706 2702 952 2778 Archidiaconi,
976 2711 1009 2764 et
1033 2703 1146 2763 omnia
1169 2701 1234 2764 alia
1256 2696 1360 2764 onera
1380 2723 1450 2764 sus-

189 2803 355 2867 tinebunt.
403 2804 448 2866 Et
463 2815 514 2867 est
530 2806 651 2868 vicaria
664 2817 743 2869 tunc
759 2806 906 2887 quinque
923 2825 1116 2868 marcarum.

191 3154 308 3222 [Robert.
317 3155 465 3221 presented
479 3156 512 3224 by
524 3157 568 3208 tire
587 3157 675 3209 Pn'er
688 3158 748 3210 and
767 3157 894 3210 Convent
909 3158 944 3225 oJ'
957 3157 1045 3219 Dran,
1069 3156 1169 3219 l'erks,
1182 3158 1208 3208 is
1218 3156 1363 3210 instituted
1375 3159 1454 3211 vicar

257 3239 293 3304 of
299 3237 463 3291 Scoinstead.
501 3239 558 3290 The
568 3240 700 3308 vicarage
711 3241 736 3292 is
746 3239 903 3308 described]

282 3339 786 3422 sumamma-Magister
807 3341 984 3416 RobertuS,
1000 3351 1209 3421 presentatus
1229 3362 1287 3422 per
1303 3341 1450 3406 Priorem

191 3453 227 3504 et
250 3453 451 3506 conventum
471 3444 513 3506 de
539 3444 634 3506 Drax
660 3443 703 3506 ad
726 3453 921 3526 perpetuam
941 3445 1097 3506 vicariam
1120 3444 1258 3508 ecclesie
1279 3444 1321 3506 de
1345 3443 1450 3508 Swin-

193 3545 357 3621 hamsted‚
373 3557 424 3609 est
447 3547 622 3624 admissus,
637 3557 671 3610 et
695 3549 728 3610 in
751 3568 791 3610 ea
814 3548 973 3609 canonice
988 3548 1128 3609 vicarius
1152 3557 1331 3628 perpetuus
1358 3548 1450 3612 insti-

190 3658 286 3710 tutus
301 3669 308 3725 ;
331 3670 396 3731 que
420 3653 571 3713 consistit
596 3653 628 3714 in
654 3651 834 3714 medietate
858 3651 960 3713 totius
983 3651 1121 3713 ecclesie
1143 3671 1219 3712 cum
1250 3650 1337 3713 tofto
1359 3651 1449 3732 quod
1495 3715 1497 3719 ,

191 3751 283 3814 idem
313 3753 475 3816 Robertus
505 3764 615 3832 tenet;
646 3764 679 3817 et
703 3754 842 3835 predicti
868 3755 961 3815 Prior
984 3763 1019 3816 et
1042 3764 1225 3816 conventus
1249 3775 1287 3816 ac
1310 3755 1450 3817 vicarius

190 3854 419 3936 procurabunt
449 3857 654 3938 conjunctim
685 3856 867 3938 hospitium
896 3857 1133 3920 Archidiaconi
1163 3867 1198 3920 et
1227 3859 1450 3920 communiter

190 3959 325 4022 solvent
349 3960 520 4036 sinodalia,
547 3971 582 4023 et
612 3961 676 4023 alia
706 3981 807 4022 onera
834 3960 1038 4041 conjunctim
1066 3960 1285 4025 sustinebunt
1332 3961 1377 4024 Et
1399 3971 1450 4024 est

192 4063 316 4124 vicaria
331 4083 392 4124 sex
410 4083 594 4125 marcarum
606 4073 645 4149 et
661 4049 805 4146 dimidie.

282 4234 349 4317 [On
364 4233 418 4298 the
431 4237 523 4299 dorse
534 4236 603 4319 :--]

281 4362 459 4427 Ordinatio
478 4366 598 4427 vicarie
618 4365 661 4427 de
685 4364 951 4429 Swinhemstede
977 4364 1095 4427 ultimo
1121 4365 1207 4427 facta
1228 4367 1297 4428 vice
1322 4365 1449 4428 domini

194 4466 353 4548 Episcopi
377 4488 436 4548 per
460 4469 508 4545 R,
532 4469 815 4531 Archidiaconum
843 4469 1024 4545 Lincolnie,
1047 4467 1090 4530 de
1112 4489 1248 4531 assensu
1273 4470 1393 4532 Prioris
1416 4481 1450 4534 et

189 4582 376 4633 conventus
397 4570 439 4634 de
460 4571 555 4634 Drax
576 4583 612 4634 et
632 4572 771 4636 Roberti
793 4573 835 4635 de
856 4572 965 4635 Ridal'
985 4582 1065 4634 tunc
1085 4572 1205 4636 vicarii.
1254 4573 1388 4636 Vicaria
1407 4572 1450 4636 de

194 4672 461 4738 Swinhamstede
477 4676 630 4739 consistit
646 4677 678 4738 in
697 4685 770 4738 toto
786 4676 947 4758 altaragio
964 4676 1050 4738 illius
1065 4675 1212 4753 ecclesie,
1227 4687 1261 4738 et
1276 4686 1348 4739 tota
1364 4686 1451 4740 terra

190 4776 380 4856 pertinente
411 4777 454 4840 ad
489 4769 664 4842 ecclesiam¹
695 4799 771 4841 cum
802 4779 952 4859 ejusdem
988 4788 1074 4842 terre
1107 4781 1326 4860 pertinentiiS,
1348 4789 1383 4844 et
1416 4781 1449 4846 in

193 4878 376 4942 medietate
401 4882 476 4946 tosti
503 4883 651 4960 ecclesie,
673 4892 708 4946 et
738 4884 772 4945 in
803 4882 935 4947 redditu
965 4883 1107 4945 duorum
1137 4882 1329 4960 solidorum,
1352 4895 1386 4946 et
1415 4885 1448 4946 in

189 4981 325 5047 decima
352 4982 481 5050 decime
511 4987 661 5048 omnium
693 4985 881 5068 garbarum.
928 4986 1088 5050 Canonici
1119 4986 1237 5068 prefati
1268 4988 1450 5069 percipient
