3550 5692
332 550 400 658 184
677 549 814 641 Rotuli
828 549 1005 665 Hugonzl
1021 550 1065 643 de
1091 553 1223 643 Welles

327 805 478 873 dentium
516 807 625 890 ipsum
660 806 693 873 S.
724 808 757 870 in
789 808 931 891 priorem
963 808 1136 892 Spalding'
1167 808 1365 873 auctoritate
1401 808 1585 892 episcopali

327 910 556 994 sollempniter
570 910 787 988 confirmavit,
802 922 836 976 et
853 922 929 995 post
944 912 1179 977 deductionem
1197 914 1300 997 ipsius
1320 913 1352 978 S.
1369 913 1402 975 in
1418 912 1583 997 capellam

326 1014 450 1078 ibidem
477 1015 654 1079 abbatibus
678 1016 843 1100 predictis
869 1017 1041 1081 monachis
1071 1018 1173 1081 etiam
1198 1028 1232 1081 et
1258 1016 1331 1080 aliis
1356 1016 1582 1099 sequentibus,

327 1139 402 1181 cum
428 1117 663 1184 decantatione
692 1121 849 1185 Miserere
880 1122 946 1185 mei
979 1122 1080 1198 Deus,
1111 1132 1246 1205 propter
1271 1120 1584 1204 Quadragesimam,

327 1222 436 1304 ipsum
450 1222 483 1287 S.
496 1222 690 1286 redeuntem
708 1245 727 1288 a
742 1224 870 1307 capella
882 1226 916 1288 in
933 1226 1075 1308 priorem
1087 1224 1317 1308 sollempniter
1332 1245 1391 1308 per
1406 1224 1535 1301 librum,
1547 1233 1584 1287 ut

327 1326 428 1387 moris
443 1336 502 1401 est,
514 1326 666 1402 instituit,
677 1348 790 1391 curam
807 1326 896 1391 dicte
911 1328 1031 1391 domus
1047 1329 1077 1391 ei
1094 1338 1163 1391 tam
1180 1329 1213 1391 in
1230 1327 1469 1411 temporalibus
1480 1348 1583 1409 quam

327 1428 360 1490 in
384 1429 597 1512 spritualibus
613 1430 863 1507 committendo,
884 1442 1095 1495 sacramento
1118 1453 1217 1514 super
1236 1431 1428 1495 obedientia
1451 1452 1584 1515 corpor-

327 1532 429 1610 aliter,
441 1534 525 1596 sicut
536 1535 637 1597 moris
646 1544 706 1611 est,
716 1534 901 1598 subsecuto.
942 1535 1153 1599 Presentibus
1168 1536 1325 1611 Roberto,
1336 1535 1584 1599 Archidiacono

329 1636 510 1714 Lincolnie,
534 1637 697 1720 Magistro
722 1639 772 1701 W.
789 1640 831 1701 de
856 1638 1101 1722 Beningworth'
1124 1650 1159 1703 et
1182 1639 1308 1705 Garino
1331 1639 1373 1703 de
1398 1638 1584 1716 Kirketon’,

326 1740 515 1823 capellanis,
550 1741 713 1824 Magistro
757 1741 902 1805 Ricardo
939 1742 982 1806 de
1027 1742 1216 1818 Wendour',
1255 1742 1306 1805 W.
1344 1741 1387 1805 de
1427 1742 1585 1806 Winche·

326 1844 427 1908 cumb
463 1855 497 1908 et
536 1844 681 1908 Ricardo
718 1844 761 1908 de
799 1844 946 1921 Oxonia,
984 1846 1153 1909 canonicis
1192 1844 1374 1921 Lincolnie,
1413 1843 1583 1908 Willelmo

326 1948 369 2011 de
392 1947 553 2031 Candeyo
582 1958 616 2012 et
646 1948 796 2030 Jeulan0,
820 1948 992 2012 monachis
1016 1948 1224 2031 Andegavie,
1250 1948 1397 2031 Hugone
1427 1947 1520 2027 Caiie
1549 1958 1584 2012 et

328 2053 485 2129 Waltero,
525 2052 696 2115 monachis
736 2052 871 2129 Cestrie,
913 2052 1025 2135 Helya
1063 2052 1107 2116 de
1151 2051 1288 2128 Heilles,
1331 2052 1512 2135 capellan0,
1549 2061 1584 2115 et

328 2156 478 2221 Gilberto
493 2156 537 2220 de
552 2156 687 2239 'l'reilly,
703 2156 885 2220 senescallo
904 2156 1032 2221 domini
1051 2156 1232 2232 Lincolnie,
1251 2157 1421 2239 Magistris
1438 2155 1584 2220 Radullo

327 2260 370 2324 de
398 2260 565 2345 Appelby,
590 2261 715 2326 Garino
738 2260 781 2324 de
807 2261 965 2343 Segrey0,
990 2261 1103 2325 Adam
1128 2246 1171 2323 de
1198 2259 1358 2343 Gersing’‚
1384 2260 1512 2324 Alardo
1542 2259 1585 2324 de

328 2364 510 2442 Arundell',
527 2365 676 2428 Roberto
698 2364 741 2427 de
765 2364 912 2428 Hinkele
933 2375 968 2429 et
992 2364 1162 2428 Willelmo
1184 2363 1228 2428 de
1252 2364 1416 2440 PerrariiS,
1433 2363 1584 2430 Gallrido

327 2467 370 2531 de
387 2467 629 2544 Lichebarewe,
643 2468 778 2531 Thoma
792 2468 835 2533 de
847 2468 989 2551 Askeby
998 2478 1032 2532 et
1049 2469 1223 2552 Stephano
1238 2467 1282 2531 de
1298 2467 1441 2544 Castell’,
1453 2478 1487 2532 et
1503 2468 1583 2531 aliis.

329 2572 375 2635 Et
405 2572 590 2654 injunctum
614 2581 665 2635 est
687 2571 779 2635 dicto
799 2572 1047 2636 Archidiacono
1072 2571 1245 2635 Lincolnie
1268 2580 1304 2635 ut
1327 2572 1415 2635 circa
1438 2570 1584 2643 installa-

327 2677 453 2740 tionem
471 2677 573 2759 ipsius
590 2677 710 2739 Prioris
726 2676 816 2759 quod
832 2697 929 2739 suum
946 2686 997 2741 est
1012 2687 1206 2759 exequatur.

257 3024 260 3030 1
328 2891 543 3017 [obnata
556 2949 767 3018 cmpmffst.
780 2950 921 3009 valolas.
934 2950 1067 3020 fingere]

330 3086 498 3149 Lnrunu
522 3086 704 3149 Caurum
729 3086 960 3149 Auuaonvn:
983 3100 1033 3149 un
1056 3098 1584 3163 QU1BUSF1TMENTIOSUPRA.

416 3256 612 3320 Reverendo
636 3258 668 3319 in
685 3256 818 3321 Christo
834 3259 919 3340 patri
943 3280 981 3322 ac
997 3258 1136 3322 domino
1151 3256 1330 3321 venerabili
1356 3256 1581 3320 Lincolniensi

329 3361 505 3443 Episcopo,
521 3359 646 3424 humile
665 3361 847 3443 capitulum
869 3362 964 3425 Beati
990 3361 1143 3425 Nicholai
1160 3360 1368 3443 Andegavie‚
1383 3359 1535 3437 salutem,
1551 3369 1584 3423 et

326 3457 403 3527 curn
420 3474 558 3547 paterna
573 3463 752 3528 dilectione
768 3465 919 3529 debitum
935 3476 969 3529 et
984 3466 1143 3529 devotum
1163 3464 1352 3529 obedientie
1374 3463 1580 3527 famulatum.

328 3568 435 3649 Super
464 3568 527 3630 hoc
557 3568 647 3650 quod
686 3570 896 3651 paternitatis
927 3581 1034 3633 vestre
1065 3569 1221 3633 discretio
1257 3568 1396 3631 domum
1434 3577 1582 3631 nostram

328 3671 500 3754 Spalding'
525 3681 558 3735 et
583 3672 658 3753 jura
683 3673 777 3736 Beati
804 3673 967 3751 Nicholai,
992 3674 1123 3757 patroni
1155 3674 1267 3749 nostri,
1298 3674 1403 3735 immo
1432 3673 1581 3734 omnium

327 3775 529 3851 clericorum,
562 3775 647 3839 bene
676 3786 710 3839 et
748 3777 957 3841 laudabiliter
987 3778 1148 3841 hactenus
1179 3776 1270 3853 fovit,
1301 3776 1520 3850 manutenuit,
1549 3785 1583 3838 et

327 3879 477 3954 servavit,
493 3880 614 3940 summi
632 3879 735 3961 Regis
750 3883 900 3963 potentie
920 3890 954 3945 et
977 3881 1106 3944 caritati
1123 3891 1239 3956 vestre,
1255 3888 1382 3962 quanta
1397 3899 1582 3961 possumus,

326 3982 505 4045 devotione
527 3983 708 4065 gratiarum
732 3984 902 4047 referimus
919 3986 1074 4061 actiones,
1090 3985 1299 4067 paternitatis
1315 3992 1423 4046 vestre
1438 3981 1581 4046 clemen-

326 4087 408 4149 tiam
424 4096 603 4150 exorantes
625 4096 659 4151 et
682 4089 716 4150 in
733 4088 881 4151 Domino
898 4088 1122 4172 supplicantes
1138 4089 1295 4169 quatinus
1314 4085 1438 4169 pastori
1460 4094 1581 4161 nostr0,

327 4188 423 4252 latori
450 4192 663 4272 presentium,
686 4191 756 4254 viro
786 4191 940 4274 religioso
970 4203 1004 4257 et
1034 4192 1184 4269 honest0,
1207 4180 1343 4254 nomine
1373 4188 1582 4264 Constantio,

329 4314 429 4374 quem
446 4293 488 4357 ad
505 4293 607 4376 pedes
624 4295 757 4377 pietatis
773 4306 880 4359 vestre
904 4317 964 4379 pro
988 4297 1129 4391 negotiis
1153 4294 1345 4358 monasterii
1369 4312 1436 4356 non
1459 4291 1581 4354 solum·

328 4396 429 4459 modo
441 4397 544 4460 nostri
557 4418 671 4460 verum
687 4399 790 4462 etiarn
803 4409 836 4463 et
849 4401 949 4463 vestri
961 4410 995 4463 et
1009 4400 1156 4463 maxime
1169 4420 1229 4481 pro
1242 4397 1451 4461 institutione
1461 4394 1581 4457 Prioris

326 4490 360 4562 in
374 4500 536 4581 jamdicta
548 4500 651 4564 domo
664 4502 845 4585 Spalding',
856 4504 981 4566 iteratis
998 4502 1150 4586 precibus
1160 4502 1320 4566 duximus
1336 4498 1580 4574 destinandum,

326 4602 423 4666 solite
439 4602 654 4686 benignitatis
664 4616 698 4668 et
707 4605 849 4669 discrete
865 4606 1024 4670 bonitatis
1040 4606 1261 4670 consiliumet
1277 4604 1439 4667 auxilium
1457 4602 1580 4666 miseri·

325 4706 468 4769 corditer
491 4707 701 4789 impendatis,
716 4720 753 4773 ut
775 4730 819 4772 ex
843 4711 945 4773 tantis
968 4710 1191 4774 misericordie
1209 4718 1243 4772 et
1266 4708 1399 4790 pietatis
1418 4705 1581 4789 operibus,

325 4820 359 4873 et
385 4820 454 4873 tam
481 4812 605 4876 meritis
632 4833 733 4893 quarn
761 4814 995 4877 intercessione
1020 4814 1201 4877 beatissimi
1227 4811 1424 4875 confessoris
1450 4830 1580 4873 summe

324 4912 433 4993 justus
456 4914 568 4995 Judex
592 4926 700 4978 vestre
725 4917 854 4979 caritati
879 4916 1104 4980 retributionis
1127 4927 1239 4979 eterne
1264 4915 1391 4997 premia
1416 4913 1578 4994 largiatur.

326 5016 455 5080 Valete.
