3550 5692
320 521 363 592 5²
669 493 806 570 Rutuli
819 495 996 594 Hugenns
1011 495 1056 570 de
1081 497 1214 570 Weltes

316 760 375 802 sue
399 738 514 801 didicit
538 737 628 819 quod
653 747 804 820 tempore
827 737 855 819 J.
882 738 994 820 Regis,
1010 740 1113 821 patris
1135 739 1195 815 sui,
1215 739 1423 802 recordatum
1451 738 1511 803 suit
1535 741 1569 801 in

316 841 406 905 curia
436 862 504 918 sua,
531 841 620 924 quod
652 841 769 906 Simon
805 840 891 904 filius
923 842 1067 919 Ricardi,
1094 852 1245 925 tempore
1283 843 1386 925 Regis
1425 843 1567 906 Ricardi¹

317 945 521 1028 recuperavit
544 965 656 1008 coram
685 943 882 1026 justiciariis
907 955 978 1021 etc,
1002 966 1114 1008 versus
1141 947 1328 1028 Johannem
1359 946 1403 1010 de
1426 946 1569 1022 Calceto,

316 1050 471 1112 seisinam
510 1047 736 1112 advocationis
774 1048 923 1130 predicte
959 1049 1097 1112 ecclesie
1133 1049 1177 1113 de
1216 1049 1474 1114 Buclreswurthe
1512 1071 1570 1132 per

316 1153 453 1215 assisam
478 1151 594 1216 ultime
617 1153 880 1234 presentationis,
904 1173 1058 1234 perque,
1081 1163 1151 1230 etc.,
1174 1153 1217 1216 ad
1240 1152 1381 1217 eandem
1406 1153 1571 1217 admissus

316 1266 367 1318 est
390 1266 424 1318 et
448 1257 481 1318 in
506 1276 554 1331 ea,
578 1265 648 1331 etc,
675 1276 733 1337 per
757 1255 962 1319 Willelmum
988 1255 1031 1318 de
1055 1256 1307 1332 Winchecumb,
1324 1267 1568 1340 procuratorem

316 1379 421 1421 suum.
468 1359 513 1422 Et
536 1358 732 1422 mandatum
755 1368 806 1421 est
831 1359 1077 1422 Archidiacono
1102 1359 1347 1442 Huntingdune
1367 1371 1404 1423 ut
1423 1361 1567 1424 eundem

316 1463 366 1526 vel
384 1472 629 1545 procuratorem
645 1483 752 1538 suum,
767 1472 828 1525 etc.

316 1690 429 1756 [Robert
437 1690 471 1743 de
481 1691 609 1753 Stectene,
621 1689 758 1757 chaplein,
766 1689 915 1756 presented
922 1690 956 1759 by
966 1690 1011 1742 tlte
1019 1691 1130 1743 Master
1137 1691 1173 1758 os
1179 1691 1224 1744 tine
1236 1692 1385 1759 Templars.
1392 1693 1418 1744 is
1427 1692 1574 1744 instituted

381 1773 503 1840 vicanos
514 1772 630 1832 Westen,
641 1771 734 1824 Hetts.
771 1770 828 1825 Tite
838 1773 969 1840 mearage
980 1773 1005 1824 is
1015 1771 1169 1841 described]

401 1875 816 1939 WESTONE.-Robertus
840 1874 883 1938 de
915 1875 1084 1951 Stoctone,
1109 1875 1333 1958 cappellanus,
1358 1886 1568 1959 presentatus

315 2000 373 2061 per
395 1979 528 2041 fratrem
546 1977 704 2055 Alanum,
722 1978 920 2059 Magistrum
939 1978 1062 2041 Milicie
1077 1978 1210 2061 Templi
1234 1979 1267 2041 in
1285 1979 1419 2061 Anglia,
1435 1979 1478 2042 ad
1496 2001 1567 2062 per-

315 2092 449 2164 petuam
462 2083 617 2145 vicariam
630 2081 766 2144 ecclesie
776 2081 818 2144 de
828 2081 998 2157 Westone,
1010 2081 1097 2144 sacta
1107 2083 1196 2164 prius
1206 2083 1419 2164 inquisitione
1432 2103 1490 2165 per
1502 2085 1570 2158 Ph,

316 2184 597 2248 Archidiaconum
617 2184 870 2266 Huntingdune,
890 2205 949 2267 per
966 2205 1077 2266 quam,
1092 2194 1162 2260 etc,
1177 2184 1220 2248 ad
1239 2184 1381 2248 eandem
1401 2185 1568 2248 admissus

314 2299 364 2352 est
390 2302 424 2353 et
449 2291 482 2352 in
509 2311 548 2352 ea
575 2289 714 2353 vicarius
744 2309 819 2350 cum
851 2309 951 2352 onere
979 2298 1014 2351 et
1045 2309 1131 2370 pena
1160 2289 1355 2351 vicariorum
1387 2289 1567 2353 institutus.

314 2393 474 2457 Consistit
498 2404 609 2456 autem
629 2392 720 2455 dicta
739 2393 860 2456 vicaria
880 2393 913 2455 in
933 2403 1005 2455 toto
1024 2391 1186 2474 altaragio
1205 2391 1355 2472 ejusdem
1374 2392 1513 2456 ecclesie
1532 2406 1566 2457 et

314 2498 346 2559 in
363 2497 517 2560 omnibus
534 2498 669 2559 minutis
685 2496 822 2559 decimis
833 2507 867 2559 et
882 2495 1147 2572 obventionibus
1159 2505 1192 2558 et
1208 2516 1275 2558 uno
1291 2497 1462 2577 mesuagio
1477 2497 1566 2579 quod

315 2601 477 2664 Ricardus
497 2601 645 2665 Calimus
668 2599 718 2682 [?],
734 2600 904 2681 quondam
928 2600 1067 2663 vicarius
1086 2598 1175 2663 dicte
1193 2599 1338 2675 ecclesie,
1358 2601 1473 2663 tenuit.
1520 2603 1564 2664 Et

314 2704 509 2769 mandatum
526 2715 576 2768 est
592 2704 682 2767 dicto
700 2703 946 2767 Archidiacono
961 2713 1008 2775 ut,
1023 2713 1084 2766 ete.

313 3009 449 3077 [Richard
461 3009 495 3061 de
512 3007 640 3067 Routtesn
651 3006 818 3068 sub-deacou,
832 3006 981 3073 presented
994 3006 1028 3073 by
1038 3005 1093 3058 Pu.
1104 3006 1138 3058 de
1149 3005 1266 3074 Horeby,
1277 3007 1304 3059 is
1319 3007 1465 3060 instituted
1479 3014 1506 3062 to
1522 3009 1568 3062 tire

377 3091 477 3143 chureii
489 3090 524 3157 os
531 3089 584 3141 All
593 3089 695 3150 Saints,
709 3089 841 3171 Senem]

282 3267 284 3274 Α
400 3192 795 3258 SAUTERY.—Ricardus
811 3190 853 3254 de
870 3191 1032 3254 Routlest'
1049 3191 1100 3274 [?],
1110 3191 1342 3269 subdiaconus,
1357 3204 1565 3275 presentatus

312 3319 370 3380 per
391 3296 447 3360 Ph.
464 3296 506 3360 de
524 3295 663 3377 Horeby
679 3295 722 3357 ad
745 3294 918 3358 ecclesiam
936 3294 1096 3359 Omnium
1115 3295 1314 3360 Sanctorum
1338 3296 1381 3359 de
1397 3297 1563 3378 Sauterya

312 3403 438 3464 ratione
453 3401 541 3463 dotis
554 3399 661 3463 Alicie
676 3399 719 3462 de
731 3399 916 3462 Baumville
932 3400 1046 3461 uxoris
1062 3420 1129 3475 sue,
1140 3399 1228 3462 sacta
1244 3401 1334 3481 prius
1350 3401 1564 3482 inquisitione

311 3525 370 3586 per
386 3504 668 3568 Archidiaconum
688 3502 952 3585 Huntingdonie,
967 3515 1000 3566 et
1017 3502 1152 3566 Abbate
1174 3513 1208 3566 et
1223 3514 1388 3567 conventu
1406 3505 1564 3568 Ramesie

311 3608 503 3671 litteratorie
519 3608 581 3670 hac
597 3608 667 3670 vice
683 3605 975 3681 consentientibus,
987 3626 1045 3687 per
1059 3626 1133 3688 que,
1148 3616 1218 3683 etc,
1234 3606 1398 3670 admissus
1414 3619 1513 3672 estet
1528 3609 1560 3670 in

310 3733 350 3774 ea
379 3712 537 3774 canonice
568 3731 708 3793 persona
735 3711 913 3773 institutus,
961 3711 1005 3772 Et
1030 3708 1225 3773 mandatum
1250 3721 1301 3773 est
1325 3711 1416 3774 dicto
1446 3711 1565 3774 Archi-

310 3813 453 3877 diacono
468 3824 514 3890 ut,
529 3824 590 3877 etc.

311 4000 376 4068 [Ph.
392 4001 426 4052 de
441 4001 533 4060 Beue,
551 4001 628 4062 clerte,
641 4000 789 4067 presented
803 3999 836 4068 by
854 4000 884 4050 F
883 3999 931 4051 ulk
950 3999 984 4052 de
1000 4000 1091 4062 Baiae,
1111 4001 1137 4052 is
1154 4001 1300 4053 instituted
1311 4006 1339 4052 to
1356 4001 1401 4053 tite
1417 4002 1517 4054 chureii
1533 4003 1570 4068 os

377 4082 577 4150 Conington]-

390 4191 1561 4276 [KUVINTONE.]—Ph.deBaioc’,clericuS,presentatusperFullronem

310 4296 352 4358 de
370 4296 487 4373 Baioc’,
509 4297 656 4372 militem,
675 4295 718 4359 ad
737 4295 910 4358 ecclesiam
932 4295 975 4358 de
996 4296 1198 4371 Kuvintone,
1214 4295 1302 4359 facta
1322 4299 1411 4379 prius
1428 4299 1563 4379 inquisi-

310 4401 400 4462 tione
423 4420 482 4481 per
507 4399 572 4474 Ph,
598 4399 879 4463 Archidiaconum
910 4398 1174 4480 Huntingdonie,
1202 4420 1392 4482 perquam,
1422 4412 1493 4477 ete,
1518 4402 1562 4464 ad

309 4503 450 4566 eandem
475 4503 638 4566 admissus
659 4513 709 4566 est
734 4513 766 4565 et
790 4504 823 4565 in
846 4524 886 4566 ea
909 4504 1067 4566 canonice
1092 4524 1233 4585 persona
1258 4505 1444 4582 institutus;
1471 4506 1563 4568 salva

310 4608 431 4669 vicaria
455 4627 513 4689 per
539 4607 614 4688 [nos
640 4606 827 4670 ordinanda
852 4606 900 4689 in]
925 4606 1051 4670 eadem.
1102 4607 1147 4670 Et
1173 4607 1369 4670 mandatum
1394 4619 1445 4671 est
1471 4609 1564 4671 dicto

312 4709 556 4772 Archidiacono
573 4720 617 4786 ut,
633 4720 693 4772 etc.

531 4943 539 4971 ¹
554 4943 646 4996 These
659 4945 751 4996 words
764 4944 832 4996 irom
846 4942 1013 4996 Dodswout
1025 4942 1097 5002 MS,
1109 4943 1162 4994 vol.
1178 4956 1231 5007 107.
1243 4943 1287 4993 sol.
1299 4958 1338 5007 47.
