3550 5692
603 607 781 704 Episcopi
795 605 1079 680 LGcolm'ensis.
1424 630 1466 699 31

211 843 323 913 [Robert
335 842 370 896 de
380 840 593 910 Ely,cl1aplain,
610 841 758 908 presented
771 840 804 910 by
821 841 867 894 the
885 841 972 894 Prior
986 840 1046 893 and
1063 839 1239 908 Conventus
1252 839 1433 903 trementem,
1447 837 1472 892 is

276 925 419 979 instituted
428 925 509 977 vicar
518 925 553 992 of
560 923 707 988 uentum]

299 1042 713 1108 RANHALE.-Robertus
751 1042 794 1107 de
825 1043 901 1125 Ely,
931 1042 1131 1135 capellanus,
1163 1019 1374 1125 presentatus
1412 1063 1471 1125 per

214 1151 359 1214 Priorem
397 1157 431 1212 et
469 1153 677 1211 conventum
710 1146 753 1210 de
784 1147 968 1211 Neweham
998 1147 1041 1210 ad
1072 1146 1229 1210 vicariam
1260 1145 1397 1210 ecclesie
1427 1143 1471 1210 de

213 1243 373 1330 Ranhale,
386 1252 474 1316 iacta
491 1251 581 1333 prius
597 1250 811 1332 inquisitione
827 1271 886 1333 per
904 1249 953 1329 Α.,
966 1248 1248 1315 Archidiaconum
1263 1247 1470 1325 Bedelordie,

213 1376 272 1438 per
300 1373 412 1438 quam,
442 1363 513 1430 ete,
544 1353 586 1416 ad
621 1351 765 1417 eandem
801 1352 968 1416 admissus
1001 1362 1052 1417 est
1082 1373 1158 1417 cum
1189 1372 1290 1417 onere
1319 1362 1353 1417 et
1383 1372 1470 1435 pena

212 1460 419 1524 vicariorum.
464 1457 510 1522 Et
527 1458 724 1522 mandatum
739 1466 791 1521 est
806 1456 916 1521 eidem
933 1456 1181 1522 Archidiacono
1197 1464 1242 1535 ut,
1258 1441 1334 1522 etc(

212 1803 335 1874 [Walter
350 1801 483 1867 Muschet,
491 1801 641 1870 presented
653 1803 686 1870 by
696 1802 796 1871 Henty
805 1801 839 1854 de
857 1801 992 1871 Hasting‚
1006 1803 1032 1855 is
1050 1802 1197 1856 instituted
1214 1807 1242 1855 to
1260 1802 1306 1856 tlte
1323 1803 1424 1858 chureii
1442 1807 1479 1874 of

279 1886 432 1950 Blandiens,
445 1886 475 1938 in
487 1886 636 1938 succession
648 1889 674 1937 to
690 1885 739 1936 Th.
752 1884 785 1938 de
797 1885 965 1952 Flanville]

301 2003 746 2069 BLUNHAME.-Walterus
789 2003 944 2067 Muschet
986 2002 1122 2086 [blank]‚
1161 2001 1372 2086 presentatus
1414 2027 1473 2089 per

216 2109 399 2174 Henricum
427 2108 470 2171 de
498 2107 645 2188 Hasting
668 2107 711 2170 ad
736 2106 912 2182 ecclesiam
940 2107 983 2171 de
1009 2108 1208 2186 Blunhame,
1230 2119 1407 2173 vacantem
1430 2131 1473 2175 eo

213 2213 303 2296 quod
328 2212 389 2276 Th.
413 2211 456 2275 de
482 2211 652 2288 Flanville,
673 2212 762 2293 prius
785 2221 894 2275 rector
913 2209 1075 2293 ejusdem,
1095 2211 1184 2276 aliud
1207 2214 1331 2295 recepit
1351 2212 1473 2277 benefi-

213 2319 310 2391 cium,
336 2317 397 2394 cui,
427 2327 498 2392 etc.‚
529 2316 617 2378 facta
648 2316 738 2398 prius
770 2315 984 2397 inquisitione
1015 2336 1075 2398 per
1106 2314 1157 2393 Α.,
1189 2315 1473 2380 Archidiaconum

215 2419 421 2498 Bedefordie,
437 2440 495 2502 per
515 2439 627 2501 quam,
642 2428 713 2495 ete,
729 2418 772 2481 ad
792 2418 935 2483 eandem
956 2419 1130 2483 ecclesiam
1152 2420 1318 2484 admissus
1336 2430 1396 2497 est,
1412 2430 1473 2483 etc.

215 2527 260 2589 Et
277 2526 474 2589 mandatum
490 2534 541 2588 est
557 2523 648 2587 dicto
666 2523 915 2587 Archidiacono
931 2531 977 2600 ut,
992 2534 1054 2588 etc.
1114 2579 1117 2587 .

214 2866 328 2940 [Robert
336 2871 370 2924 de
384 2869 542 2929 L'romdene.
554 2867 722 2930 sub-deacon,
730 2867 922 2938 presentedby
932 2868 978 2922 the
986 2869 1074 2922 Prior
1082 2868 1144 2922 and
1155 2867 1283 2922 Conveni
1289 2868 1326 2936 os
1332 2869 1372 2923 St.
1381 2867 1474 2931 Neon,

215 2957 217 2962 '
277 2955 303 3005 is
313 2951 458 3005 instituted
465 2955 492 3003 to
502 2950 548 3003 tiu
563 2950 664 3003 chureii
679 2951 715 3019 of
731 2949 848 3018 Tutveye
860 2951 890 3003 in
908 2950 1056 3004 successt'on
1071 2957 1098 3004 to
1116 2950 1243 3003 Andrew
1262 2949 1296 3004 de
1317 2950 1474 3004 Cromdene.

278 3035 305 3089 A
312 3036 427 3104 portion
439 3035 464 3087 is
474 3033 604 3088 reserved
612 3038 640 3086 to
650 3033 696 3086 tiu
709 3033 854 3100 convent]

302 3151 684 3218 TURVEv.-Robertus
708 3150 751 3216 de
779 3150 978 3229 Cromdene,
1004 3151 1238 3230 subdiaconus,
1263 3162 1474 3235 presentatus

215 3279 273 3342 per
305 3257 451 3321 Priorem
483 3265 517 3319 et
547 3265 750 3318 conventum
782 3254 824 3319 de
850 3255 978 3321 Sancto
1010 3255 1122 3320 Neoto
1151 3255 1194 3319 ad
1225 3256 1399 3320 ecclesiam
1431 3256 1474 3321 de

215 3363 379 3444 Turveyn,
393 3368 569 3422 vacantem
586 3379 645 3440 per
661 3359 919 3441 resignationem
935 3359 1071 3422 Andree
1087 3358 1129 3424 de
1145 3359 1343 3438 Cromdene,
1355 3360 1474 3425 ultimo

215 3465 350 3529 rectoris
377 3461 539 3544 ejusdem,
563 3461 651 3525 facta
679 3463 769 3545 prius
795 3463 1010 3545 inquisitione
1035 3483 1094 3546 per
1117 3464 1168 3540 Α.,
1188 3462 1473 3528 Archidiaconum

215 3566 423 3643 Bedesordie,
451 3585 509 3649 per
539 3584 651 3647 quam,
672 3575 743 3643 etc„
769 3565 812 3630 ad
839 3566 983 3629 eandem
1010 3565 1176 3630 admissus
1200 3577 1260 3644 est,
1286 3577 1357 3646 ete,
1382 3568 1475 3632 salva

214 3672 312 3736 dictis
329 3671 433 3735 Priori
450 3679 484 3734 et
499 3671 679 3742 conventui
695 3671 849 3752 portione
865 3691 925 3734 sua
941 3691 1041 3753 quam
1059 3669 1101 3733 de
1117 3670 1330 3735 concessione
1345 3671 1473 3739 domini

216 3773 375 3859 Episcopi
392 3782 427 3837 et
443 3773 580 3855 capituli
593 3773 877 3852 Lincolniensium
895 3755 1020 3837 habent
1037 3772 1171 3837 ibidem.
1217 3774 1262 3837 Et
1276 3774 1472 3839 mandatum

214 3888 265 3942 est
281 3877 373 3942 dicto
390 3875 638 3940 Archidiacono
654 3886 700 3956 ut,
715 3885 776 3940 etc.

302 4065 371 4151 [On
387 4065 440 4131 tto
454 4065 547 4131 dorse
558 4065 624 4150 :—]

214 4183 255 4252 [E
257 4183 353 4238 lection
365 4181 480 4251 osJokn
492 4181 526 4236 de
542 4181 683 4251 W'ldebos
689 4188 716 4238 to
727 4183 757 4237 be
763 4184 848 4252 prior
856 4185 892 4253 os
898 4176 1078 4247 Bustmeau]

304 4302 478 4386 Johannes
493 4301 536 4366 de
552 4302 732 4381 wildebof,
748 4303 928 4368 canonicus
944 4302 986 4367 de
998 4303 1182 4380 Bisemede,
1192 4302 1318 4366 electus
1330 4325 1389 4387 per
1398 4304 1474 4367 sub-

217 4407 359 4490 priorem
376 4417 411 4470 et
427 4407 605 4470 canonicos
620 4406 772 4489 ejusdem
789 4405 910 4471 domus
927 4416 1059 4490 pastore
1071 4406 1249 4471 destitutos
1261 4427 1321 4490 per
1332 4417 1474 4471 mortem

215 4509 350 4594 joseph,
379 4509 499 4573 Prioris
527 4509 586 4587 sui,
613 4511 647 4573 in
678 4512 821 4595 priorem
852 4510 915 4573 sibi
953 4509 1201 4594 proficiendum,
1236 4511 1475 4574 interveniente

215 4613 343 4681 domini
371 4612 414 4677 H.
439 4613 482 4677 de
509 4614 732 4694 Braybrocke,
757 4613 908 4696 ejusdem
934 4615 1099 4697 prioratus
1129 4614 1271 4696 patroni,
1302 4634 1476 4693 consensu,

214 4715 303 4780 sacta
325 4717 415 4800 prius
440 4717 654 4799 inquisitione
673 4738 732 4801 per
753 4717 804 4795 Α.,
826 4703 1339 4794 ArchidiaconumBedeiordie,
1358 4702 1476 4810 et-W.2

217 4821 368 4885 Priorem
394 4819 437 4884 de
468 4820 678 4900 Caldewelle‚
709 4843 768 4905 per
797 4843 909 4904 quam,
930 4832 1006 4899 eto,
1036 4820 1083 4885 ad.
1114 4820 1258 4886 eundem
1290 4822 1473 4904 prioratum

215 4923 382 4988 admissus
405 4933 465 5002 est,
484 4934 544 4988 etc.
592 4924 638 4989 Et
655 4925 854 4994 mandatum
878 4935 929 4990 est
941 4914 1041 4989 dicto
1063 4914 1312 4988 Archidiacono
1331 4935 1368 4988 ut
1387 4926 1475 4989 circa

217 5025 479 5094 installationem
495 5048 601 5107 suam,
615 5039 676 5097 etc.
