3550 5692
320 587 343 655 4
671 561 807 636 Rotuli
821 560 998 657 Hugonis
1023 560 1067 632 de
1093 559 1225 632 Wcllcs

322 803 474 868 Vicarius
501 812 614 868 autem
639 802 746 866 solvet
770 801 935 866 sinodalia
958 810 1101 877 tantum,
1118 810 1153 864 et
1176 800 1328 864 canonici
1353 799 1579 882 procurabunt

321 906 504 989 hospitium
536 905 783 970 Archidiaconi.
845 905 891 969 Et
926 903 1113 986 injunctum
1148 913 1200 967 est
1231 901 1488 980 Archidiacono,
1517 912 1579 967 etc.

324 1009 504 1077 Sciendum
522 1010 601 1094 [est]
617 1011 718 1074 etiam
729 1011 819 1093 quod
838 1009 870 1071 in
883 1008 1043 1072 omnibus
1058 1009 1122 1071 hiis
1131 1008 1279 1091 quinque
1290 1007 1419 1070 vicariis
1431 1006 1474 1070 de
1485 1007 1579 1071 Dun-

324 1115 446 1198 staplia
476 1115 626 1177 canonici
657 1113 870 1178 sustinebunt
900 1113 1014 1176 omnia
1044 1132 1146 1175 onera
1171 1111 1385 1175 ecclesiarum
1409 1110 1523 1174 debita
1545 1120 1580 1174 et

318 1214 484 1283 *consueta
499 1229 533 1283 et
548 1217 650 1282 etiam
668 1218 813 1298 tallagia,
833 1227 942 1301 preter
961 1216 1134 1293 sinodalia,
1149 1236 1214 1298 que
1231 1215 1371 1279 vicarius
1394 1214 1579 1278 sustinebit.

736 1493 876 1556 Annus
901 1492 1166 1556 Duooecmus.

323 1619 478 1684 [Matthean
500 1619 637 1686 choplain,
654 1617 802 1685 presented
816 1617 905 1686 hythe
920 1617 1021 1670 Abbess
1036 1616 1097 1669 and
1111 1616 1196 1669 Nuus
1214 1618 1250 1685 os
1263 1617 1381 1677 Etrtoav,
1397 1617 1423 1670 is
1439 1616 1583 1670 instituted

387 1701 468 1753 vicar
476 1699 512 1768 os
517 1699 677 1767 Kempston.
715 1699 771 1752 The
781 1700 912 1766 uicarage
923 1699 948 1751 is
958 1698 1105 1751 described.
1138 1699 1165 1750 Α
1177 1701 1298 1766 pensiori
1309 1699 1582 1767 oseosdsreserued

388 1787 415 1835 to
425 1783 471 1836 tlte
481 1781 587 1848 Nune]

412 1883 645 1948 CAMESTONE
662 1883 1048 1958 VICAR1n.—Matheus,
1059 1882 1286 1965 cappellanus,
1295 1893 1507 1965 presentatus
1522 1904 1580 1966 per

325 1987 543 2051 Abbatissam
574 1995 608 2050 et
639 1985 799 2050 moniales
830 1985 872 2049 de
905 1985 1096 2049 Elnestowe
1125 1986 1168 2048 ad
1199 1996 1395 2069 perpetuam
1422 1987 1579 2050 vicariam

323 2090 461 2154 ecclesie
473 2089 516 2152 de
526 2089 737 2164 Camestone,
747 2089 835 2152 facta
847 2089 938 2170 prius
951 2089 1165 2171 inquisitione
1178 2109 1235 2171 per
1247 2090 1286 2171 J,
1296 2090 1579 2154 Archidiaconum

325 2192 531 2270 Bedefordie,
547 2204 618 2270 etc,
633 2193 800 2257 admissus
820 2204 871 2257 est
891 2203 925 2256 et
941 2194 1082 2257 vicarius
1105 2205 1284 2276 perpetuus
1308 2195 1487 2259 institutus.
1534 2195 1579 2258 Et

323 2300 475 2363 consistit
488 2299 578 2362 dicta
590 2299 712 2362 vicaria
723 2300 755 2362 in
773 2308 845 2363 toto
861 2299 1025 2381 altaragio
1040 2298 1128 2361 illius
1143 2299 1284 2363 ecclesie
1298 2310 1333 2363 et
1349 2321 1467 2364 manso
1479 2300 1580 2382 juxta

323 2403 498 2467 ecclesiam
515 2423 592 2466 cum
608 2404 714 2468 crofta
731 2403 773 2466 ad
784 2403 941 2466 vicariam
958 2403 1139 2484 assignat0,
1149 2402 1248 2466 salvis
1265 2403 1363 2468 dictis
1379 2403 1579 2467 monialibus

323 2507 546 2591 quadraginta
576 2507 690 2570 solidis
721 2508 840 2570 annuis
867 2528 927 2590 per
954 2527 1073 2570 manus
1100 2507 1212 2570 vicarii
1244 2508 1286 2571 de
1318 2508 1391 2590 ipso
1415 2508 1579 2591 altaragio

324 2612 460 2675 nomine
485 2611 637 2693 perpetui
667 2611 819 2674 beneficii
852 2610 1083 2694 percipiendis,
1109 2619 1144 2673 et
1170 2610 1340 2676 oblatione
1364 2612 1503 2675 candele
1525 2613 1580 2675 die

326 2714 568 2778 Purificationis
591 2714 633 2777 ad
656 2715 763 2797 ipsam
785 2715 960 2778 ecclesiam
983 2715 1212 2796 proveniente..
1256 2716 1301 2778 Et
1321 2715 1507 2797 injunctum
1528 2726 1579 2780 est

314 2819 415 2883 dicto
431 2817 687 2894 Archidiacono,
703 2827 764 2882 etc.

323 3038 460 3108 [Rictard
467 3038 502 3091 de
516 3037 691 3106 Greneforde,
699 3037 849 3106 presented
856 3038 890 3106 ty
901 3039 946 3092 tlte
957 3038 1039 3092 Dean
1049 3039 1109 3092 and
1121 3039 1244 3107 Chapter
1252 3041 1288 3107 of
1294 3040 1334 3094 St.
1343 3041 1448 3101 Paula
1457 3041 1579 3105 lendum

387 3122 412 3172 tr
422 3119 569 3172 instituted
577 3124 604 3171 to
614 3136 632 3172 a
644 3119 759 3187 mediety
769 3120 805 3187 os
810 3119 855 3172 tlte
866 3120 967 3172 churctt
978 3119 1015 3188 os
1024 3121 1048 3173 C
1045 3121 1209 3188 addington.
1254 3121 1282 3173 Α
1289 3123 1409 3189 pemion
1417 3124 1443 3174 is
1453 3123 1584 3176 resetved

388 3207 415 3254 to
426 3203 471 3256 tlte
485 3202 624 3270 Chapter]

413 3299 881 3389 CADENDONE.—Magister
895 3307 1059 3370 Ricardus
1079 3307 1121 3370 de
1141 3307 1355 3383 Grenesorde,
1371 3319 1580 3390 presentatus

324 3431 382 3494 per
395 3410 570 3473 Decanum
582 3417 616 3472 et
629 3409 812 3492 capitulum
831 3410 1084 3475 Londonienses
1096 3411 1138 3474 ad
1152 3410 1371 3504 ..medietatem
1383 3413 1521 3476 ecclesie
1537 3413 1579 3477 de

324 3512 522 3579 Cadindone
542 3533 607 3596 que
627 3513 689 3576 luit
708 3513 868 3577 Willelmi
893 3514 935 3578 de
961 3515 1117 3599 Gudnay,
1140 3516 1228 3580 sacta
1251 3517 1342 3598 prius
1366 3517 1580 3600 inquisitione

326 3639 384 3701 per
408 3617 582 3680 Decanum
607 3617 649 3681 de
674 3618 827 3694 Luitone,
842 3628 913 3695 etc,
930 3619 1096 3683 admissus
1115 3630 1166 3684 est
1186 3630 1220 3684 et
1239 3640 1383 3702 persona
1400 3621 1580 3696 institutus,

326 3720 418 3785 salva
438 3721 530 3784 dicto
551 3721 698 3803 capitulo
719 3720 761 3784 de
783 3722 855 3803 ipsa
876 3723 1057 3786 medietate
1077 3722 1191 3787 debita
1206 3733 1240 3787 et
1256 3724 1394 3805 antiqua
1410 3725 1579 3805 pensione.

327 3827 372 3888 Et
389 3825 586 3888 mandatum
602 3835 653 3888 est
672 3825 918 3889 Archidiacono
938 3825 1143 3891 Bedesordie.

324 4101 427 4167 setae,
440 4101 579 4167 maetam,
585 4101 734 4168 presented
747 4101 780 4169 ty
791 4102 836 4154 rae
852 4102 979 4155 Pnaress
994 4103 1055 4154 ane
1071 4085 1197 4157 emant
1210 4104 1246 4173 os
1256 4103 1405 4171 Hotywett
1419 4104 1544 4162 anton,
1556 4103 1581 4154 is

389 4181 534 4234 instituted
542 4183 622 4235 vz'car
630 4184 665 4250 of
672 4182 796 4236 Dunton.
833 4185 860 4235 T
855 4183 891 4237 tre
900 4186 1032 4254 vr'carage
1043 4186 1068 4238 is
1078 4185 1232 4254 desotatae]

412 4285 575 4349 VICARIA
607 4300 657 4348 DE
693 4287 1085 4371 DUNTONE.—HelyaS,
1115 4289 1340 4372 cappellanus
1371 4297 1580 4371 presentatus

325 4409 385 4470 per
395 4389 589 4452 Priorissam
599 4399 633 4453 et
643 4401 844 4454 conventum
856 4392 899 4455 de
912 4392 1099 4456 Halliwelle
1109 4392 1359 4455 Londoniarum
1370 4391 1412 4454 ad
1423 4392 1579 4454 vicariam

324 4493 463 4556 ecclesie
479 4493 522 4556 de
539 4493 708 4570 Duntone,
724 4493 813 4558 iacta
830 4496 920 4578 prius
937 4496 1151 4577 inquisitione
1166 4517 1225 4578 per
1240 4496 1278 4577 J,
1295 4494 1578 4558 Archidiaconum

327 4596 535 4667 Bedeiordie,
561 4605 632 4674 etc,
658 4597 824 4661 admissus
858 4610 910 4662 est
946 4610 980 4662 et
1010 4601 1151 4663 vicarius
1185 4609 1367 4682 perpetuus
1399 4599 1579 4660 institutus.

325 4700 461 4762 Vicaria
482 4708 594 4762 autem
620 4711 781 4783 perpetua
806 4702 955 4784 predicta
979 4703 1131 4765 consistit
1154 4704 1187 4765 in
1212 4712 1284 4765 toto
1307 4701 1469 4782 altaragio
1493 4700 1579 4763 illius

325 4803 473 4879 ecclesie,
493 4803 593 4865 nichil
617 4804 693 4867 inde
715 4805 884 4882 solvend0,
900 4817 934 4869 et
954 4806 1168 4888 respondebit
1184 4807 1325 4870 vicarius
1345 4805 1388 4868 de
1406 4805 1578 4887 episcopa-

326 4906 412 4969 libus
429 4906 725 4970 consuetudinibus
741 4920 774 4973 et
791 4911 1024 4989 procuratione
1038 4910 1284 4973 Archidiaconi.
1324 4909 1369 4972 Et
1383 4905 1579 4970 mandatum

326 5019 377 5074 est
395 5009 650 5090 ArchidiaconO,
666 5023 726 5076 etc.
