3550 5692
339 558 409 629 150
675 536 811 609 Rotuli
834 536 1011 633 Hugonzs
1036 536 1079 609 de
1114 536 1246 611 Welles

421 772 490 857 [On
506 772 558 837 ttu
572 772 664 837 dorse
674 772 744 855 .·-]

333 950 438 1019 [Adam
453 949 488 1003 de
504 948 651 1018 Hereseld.
662 964 750 1002 canon
761 948 797 1017 of
808 948 978 1009 Missenden,
991 949 1138 1017 presented
1153 949 1186 1011 br
1206 949 1330 1003 Wlltam
1343 949 1377 1003 de
1394 948 1548 1008 Albinium.
1566 951 1592 1003 is
1679 974 1683 985 ·

397 1031 542 1085 instituted
548 1036 576 1084 to
585 1030 630 1083 tlte
641 1029 775 1097 Hospital
782 1030 818 1097 of
828 1030 989 1099 Uffington]

419 1194 652 1277 [HOSPITALE
682 1207 731 1255 DE
762 1191 1174 1258 OFFINGTON'.-Frater
1201 1192 1315 1257 Adam
1340 1191 1384 1256 de
1411 1191 1592 1267 Herefeld',

331 1297 510 1361 canonicus
532 1294 576 1359 de
600 1295 819 1372 Messenden',
835 1305 1046 1379 presentatus
1063 1317 1122 1379 per
1137 1295 1344 1361 Willelmum
1360 1296 1405 1360 de
1421 1295 1590 1360 Albinaco

331 1401 374 1465 ad
390 1398 554 1482 hospitale
570 1398 612 1462 de
628 1397 821 1481 Offington',
837 1398 926 1463 facta
941 1400 1030 1482 prius
1046 1400 1260 1481 inquisitione
1276 1420 1334 1483 per
1351 1400 1400 1475 R,
1413 1399 1589 1462 Archidia-

330 1524 451 1567 conum
484 1502 665 1577 Lincolnie,
695 1512 730 1566 et
756 1504 919 1585 susceptis
947 1503 1066 1567 litteris
1094 1503 1240 1567 Abbatis
1270 1514 1304 1568 et
1332 1513 1516 1567 conventus
1547 1504 1591 1566 de

332 1606 542 1671 Messenden'
566 1605 770 1682 dimissoriis,
801 1627 859 1689 per
883 1626 958 1688 que,
983 1616 1053 1683 etc,
1076 1607 1243 1671 admissus
1266 1619 1326 1684 est,
1348 1617 1383 1672 et
1406 1608 1438 1671 in
1464 1627 1505 1670 eo
1528 1628 1588 1689 per

274 1768 279 1779 .
331 1712 451 1775 librum
476 1719 513 1773 ut
539 1710 639 1771 moris
665 1718 716 1773 est
743 1710 923 1773 institutus
971 1710 1016 1773 Et
1040 1709 1227 1791 injunctum
1253 1720 1305 1775 est
1330 1710 1589 1785 Archidiacon0,

331 1815 485 1898 presenti,
502 1824 547 1890 ut,
562 1825 623 1878 etc.

331 2072 459 2140 [Marttn,
481 2071 569 2134 mont,
589 2058 699 2123 brother
713 2070 749 2139 of
770 2070 944 2123 triremem
956 2070 1097 2139 formerly
1114 2070 1294 2125 Arckrteacon
1317 2071 1353 2137 os
1369 2070 1583 2137 Northampton,

389 2152 538 2221 presented
553 2153 587 2220 by
604 2152 649 2205 tlte
668 2153 758 2206 Abtot
771 2152 834 2205 and
850 2153 1029 2219 Conventus
1046 2152 1085 2206 St.
1104 2152 1226 2215 Alban's,
1246 2154 1271 2205 is
1293 2153 1439 2225 instituted
1455 2152 1542 2204 Prior
1557 2154 1593 2220 of

395 2236 529 2303 Bclvoir]

417 2414 648 2498 [PRIORATUS
665 2428 714 2475 DE
732 2412 1154 2495 BELVERO.]-Martinus,
1171 2411 1270 2475 irater
1283 2412 1465 2475 Winemeri
1480 2432 1585 2494 quon-

331 2521 409 2584 dam
428 2518 662 2581 Archidiaconi
681 2516 957 2601 Norhamptonie,
970 2517 1161 2592 monachus,
1175 2527 1385 2599 presentatus
1400 2537 1459 2599 per
1471 2516 1586 2579 Abba-

332 2634 399 2688 tem
424 2631 458 2685 et
483 2630 684 2685 conventum
716 2620 831 2693 Sancti
860 2620 985 2683 Albani
1010 2619 1065 2683 ad·
1084 2621 1268 2703 prioratum
1294 2620 1336 2683 de
1365 2620 1504 2683 Belvero
1529 2642 1586 2702 per

332 2727 443 2790 literas
462 2733 641 2807 conceptas
662 2725 694 2786 in
715 2724 777 2788 hac
800 2724 927 2787 forma:
957 2724 1129 2787 “Domino
1152 2735 1186 2788 et
1211 2725 1295 2806 patri
1319 2724 1509 2788 venerando
1534 2724 1588 2798 H,

333 2832 397 2894 Dei
412 2830 520 2912 gratia
536 2828 714 2891 venerabili
733 2828 901 2910 Episcopo
926 2827 1107 2904 Lincolnie,
1125 2828 1185 2904 W,
1201 2827 1321 2892 eadem
1337 2829 1445 2909 gratia
1462 2827 1586 2903 Abbas,

331 2945 365 2999 et
381 2944 564 2997 conventus
581 2931 695 2996 Sancti
712 2931 847 3007 Albani,
862 2952 938 2993 cum
952 2932 1168 2995 veneratione
1183 2942 1218 2995 et
1235 2933 1425 3008 reverentia,
1445 2932 1584 2995 salutem

333 3039 365 3100 in
383 3036 534 3102 Christo:
559 3035 692 3097 Dilecto
708 3033 808 3097 fratre
828 3042 944 3097 nostro
965 3033 1107 3115 Roger0,
1123 3032 1294 3116 quondam
1316 3036 1428 3097 Priore
1447 3035 1490 3098 de
1514 3035 1605 3117 Bel„

332 3161 419 3215 vero,
449 3148 583 3221 propter
613 3138 716 3219 ipsius
745 3135 952 3199 debilitatem
984 3136 1027 3199 ad
1057 3138 1205 3218 quietem
1235 3149 1269 3202 et
1307 3158 1423 3221 pacem
1454 3138 1584 3201 claustri

333 3255 497 3319 revocato,
511 3242 671 3305 dilectum
688 3241 823 3304 fratrem
840 3250 990 3303 nostrum
1009 3243 1203 3317 Martinum‚
1219 3243 1421 3324 presentium
1439 3242 1587 3315 latorem,

334 3347 537 3432 providimus
562 3347 593 3408 in
623 3345 769 3408 Priorem
793 3344 944 3426 ejusdem
967 3344 1088 3407 domus
1111 3346 1220 3410 eidem
1246 3346 1284 3407 R.
1308 3345 1585 3420 substituendum,

334 3454 509 3536 ipsumque
529 3450 697 3512 sanctitati
714 3458 822 3511 vestre
838 3458 1078 3531 presentamus,
1094 3449 1263 3512 humiliter
1278 3460 1312 3512 et
1327 3448 1449 3513 devote
1464 3449 1586 3531 suppli-

334 3565 448 3620 cantes
478 3554 635 3635 quatinus
665 3553 736 3615 sine
767 3573 869 3628 mora,
899 3552 1076 3635 dispendio
1106 3562 1140 3615 et
1171 3551 1375 3629 difficultate,
1404 3553 1585 3616 secundum

335 3660 475 3723 sormam
499 3656 750 3739 compositionis
774 3656 860 3719 inter
882 3655 1057 3718 ecclesiam
1081 3666 1225 3719 vestram
1249 3665 1283 3719 et
1314 3646 1462 3719 nostram
1494 3657 1587 3732 facte,

335 3764 443 3844 ipsum
468 3758 896 3834 admittatis”,--admissus
912 3769 962 3821 est
977 3769 1020 3835 et,
1036 3770 1072 3823 ut
1089 3761 1189 3823 moris
1205 3769 1264 3836 est,
1281 3781 1339 3842 per
1360 3759 1479 3823 librum
1498 3762 1589 3823 Prior

335 3866 515 3940 institutus
551 3863 742 3944 juramento
779 3882 879 3945 super
916 3860 1107 3955 obedientia
1143 3864 1373 3945 sollempniter
1403 3864 1586 3927 subsecuto.

337 3970 461 4032 Actum
482 3966 571 4049 apud
592 3967 784 4049 Tinghurst'
801 3968 833 4028 in
854 3967 939 4043 aula,
955 3966 1067 4049 vigilia
1090 3967 1307 4031 Ascensionis
1331 3968 1478 4043 Domini,
1500 3966 1588 4028 vide-

336 4074 421 4149 licet,
437 4072 493 4153 ij
508 4070 669 4133 kalendas
689 4072 790 4152 Junii,
809 4070 1018 4153 presentibus
1038 4069 1201 4151 Johanne,
1219 4072 1415 4135 Pr'ecentore
1432 4068 1589 4143 Lincoln’,

337 4176 516 4250 Willelmo,
548 4174 793 4237 Archidiacono
824 4173 993 4249 Wellensi,
1025 4175 1188 4255 Magistro
1216 4174 1350 4256 Rogero
1372 4173 1415 4236 de
1440 4172 1590 4247 Laccok’,

338 4278 484 4341 Radulfo
521 4277 564 4340 de
601 4277 768 4340 Warevill’
798 4287 832 4340 et
871 4276 1040 4339 Willelmo
1070 4276 1113 4341 de
1143 4277 1384 4352 Winchcumb’,
1422 4277 1591 4339 canonicis

338 4382 520 4455 Lincolnie,
559 4380 729 4461 Magistris
761 4379 930 4442 Willelmo
959 4379 1002 4443 de
1041 4380 1262 4462 Benigworth’
1299 4389 1333 4443 et
1372 4380 1518 4443 Ricardo
1549 4380 1590 4443 de

337 4486 466 4562 Cantia,
496 4486 709 4568 cappellanis,
738 4495 772 4549 et
811 4486 975 4567 Magistro
1007 4486 1152 4548 Ricardo
1185 4484 1228 4548 de
1257 4484 1433 4560 Waddon',
1463 4483 1591 4561 cleric0,

337 4590 483 4653 Abbatis
514 4589 629 4654 Sancti
661 4588 786 4652 Albani
817 4599 851 4653 et
883 4590 1098 4652 Procuratore
1136 4587 1281 4651 Abbatis
1314 4587 1357 4651 de
1395 4588 1589 4670 Lungevill’,

340 4695 503 4775 Magistro
535 4693 684 4755 Waltero
714 4692 756 4755 de
787 4692 942 4767 Crumbe,
972 4690 1123 4755 Galsrido
1154 4691 1196 4754 de
1228 4691 1342 4777 Moris
1374 4691 1520 4754 Ricardo
1550 4692 1592 4755 de

339 4797 486 4873 Oxonia,
509 4796 663 4879 Philippo
686 4796 728 4859 de
754 4796 965 4878 Langeport',
989 4794 1137 4857 Roberto
1161 4794 1203 4857 de
1220 4793 1366 4857 Aketon’
1381 4804 1415 4857 et
1438 4788 1594 4876 johanne

337 4900 381 4963 de
400 4899 609 4976 Bannebiria‚
624 4899 757 4962 clericis.
805 4898 849 4962 Et
866 4896 1063 4961 mandatum
1079 4906 1131 4961 est
1146 4897 1395 4960 Archidiacono
1420 4898 1592 4961 Lincolnie

339 5013 375 5066 ut
391 5003 480 5085 quod
498 5024 594 5066 suum
610 5013 661 5067 est
677 5002 813 5066 ulterius
828 5011 1022 5083 exequatur.
