3550 5692
315 564 359 622 to
662 543 798 621 Rutuli
813 543 991 645 Hngonis
1016 544 1061 621 de
1087 543 1218 621 Welles

310 702 391 707 -.—..
1383 701 1387 706 -
1398 701 1404 705 -
1413 699 1565 706 ----·-—.-

308 789 351 852 de
367 789 485 853 eadem
507 789 646 853 ecclesia
661 788 803 852 duorum
823 789 1005 852 solidorum
1027 789 1188 871 pensione
1208 788 1235 850 si
1259 808 1333 852 eam
1356 787 1569 870 probaverint

311 915 383 957 esse
402 893 551 957 debitam
573 902 608 956 et
628 893 810 975 antiquam.
858 893 904 956 Et
932 892 1119 974 injunctum
1146 902 1197 956 est
1213 891 1304 956 dicto
1322 891 1570 956 Archidiacono

310 1006 354 1074 ut,
370 1005 430 1060 etc.
478 996 690 1080 Dub[itatur]
706 996 748 1061 de
764 997 984 1060 ordinatione.

873 1145 1005 1157 ἠ

309 1216 432 1284 [Walter
442 1216 476 1270 de
496 1217 699 1280 Wercmenistr',
713 1217 791 1278 cleri,
799 1218 950 1284 presented
959 1218 992 1285 ty
1003 1217 1049 1269 tlte
1069 1217 1156 1268 Prior
1164 1216 1226 1269 and
1242 1217 1412 1284 Conventef
1425 1218 1464 1271 St.
1477 1217 1568 1279 Neon,

373 1299 449 1366 nster
457 1314 475 1350 a
486 1298 594 1366 dispuit
604 1299 689 1352 about
697 1299 742 1352 the
748 1302 914 1366 patronage,
928 1301 953 1350 is
963 1298 1110 1351 instituted
1119 1303 1146 1350 to
1157 1298 1203 1350 tlte
1213 1298 1313 1350 chrercle
1325 1300 1361 1366 of
1366 1299 1400 1350 K
1396 1299 1526 1366 notting.]

398 1401 848 1466 CNOTTINGE.-Walterus
864 1401 907 1464 de
930 1401 1182 1478 Wercministr',
1198 1401 1344 1478 clericus,
1361 1412 1570 1483 presentatus

309 1526 368 1588 per
384 1505 530 1567 Priorem
547 1514 581 1568 et
597 1513 799 1567 conventum
814 1504 929 1569 Sancti
952 1504 1053 1568 Neoti
1070 1503 1112 1566 ad
1128 1503 1303 1566 ecclesiam
1320 1503 1362 1568 de
1378 1505 1570 1585 Cnottinge,

309 1609 397 1672 sacta
419 1609 508 1692 prius
530 1609 744 1690 inquisitione
764 1630 822 1691 per
839 1609 1040 1690 Magistrum
1063 1607 1105 1684 S„
1122 1607 1309 1671 Officialem
1334 1609 1569 1672 Archidiaconi

310 1711 516 1789 Bedesordie,
539 1733 598 1794 per
620 1733 732 1794 quam,
754 1721 825 1789 etc,
850 1713 1016 1791 susceptis
1039 1713 1142 1774 etiam
1171 1711 1288 1774 litteris
1311 1712 1438 1775 domini
1468 1713 1570 1794 Regis

309 1815 399 1897 quod
426 1815 517 1879 Prior
535 1815 577 1878 de
602 1815 727 1880 Sancto
753 1815 864 1878 Neoto
888 1816 921 1876 in
945 1815 1037 1877 curia
1056 1815 1183 1878 domini
1209 1814 1311 1897 Regis
1335 1836 1447 1878 coram
1468 1815 1570 1897 Justi-

309 1920 417 1982 ciariis
447 1920 515 1982 suis
546 1919 635 2002 apud
668 1919 1007 1982 Westmonasterium
1042 1918 1248 1999 recuperavit
1282 1919 1440 1982 saisinam
1474 1940 1568 1982 suam

310 2043 423 2085 versus
438 2021 627 2103 Johannem
646 2021 791 2087 Boscard
809 2023 851 2086 de
867 2022 1089 2085 advocatione
1103 2021 1242 2084 ecclesie
1257 2021 1300 2084 de
1319 2022 1482 2105 Contting
1497 2022 1570 2104 (sic)

310 2146 368 2207 per
405 2126 544 2188 assisam
582 2125 699 2188 ultime
737 2125 994 2207 presentationis
1025 2124 1103 2187 inde
1141 2125 1185 2186 ibi
1224 2125 1310 2187 inter
1339 2146 1397 2187 eos
1427 2135 1570 2210 captam,

309 2228 475 2292 admissus
494 2238 546 2292 est
565 2239 599 2292 et
619 2229 653 2291 in
674 2250 714 2292 ea
734 2230 895 2292 canonice
918 2249 1061 2311 persona
1085 2230 1266 2291 institutus.
1313 2229 1359 2291 Et
1382 2228 1569 2310 injunctum

309 2343 361 2397 est
401 2333 648 2396 Archidiacono
687 2332 895 2409 Bedelordie‚
926 2333 1081 2416 presenti,
1112 2342 1157 2408 ut,
1187 2341 1248 2394 etc.
1305 2332 1382 2394 Non
1412 2342 1463 2395 est
1494 2334 1570 2396 sub-

309 2435 479 2498 diaconus.

311 2605 448 2672 [Ri'cleard
463 2606 496 2659 de
514 2605 602 2667 Lada,
615 2606 695 2666 clerk.
711 2607 861 2674 presented
877 2606 911 2674 by
928 2606 973 2658 tlte
992 2606 1069 2659 Earl
1083 2606 1119 2673 ef
1135 2606 1292 2658 Glencester
1306 2605 1369 2657 and
1383 2604 1525 2673 Hertsord
1538 2623 1572 2659 as

371 2688 517 2756 guardian
529 2688 564 2754 of
570 2688 615 2740 tiu
625 2687 689 2740 heir
698 2689 733 2756 os
751 2689 857 2741 Walter
866 2689 901 2741 de
915 2689 942 2739 T
937 2688 1016 2755 restit,
1028 2689 1104 2755 aster
1112 2705 1131 2740 a
1141 2687 1250 2755 dispute
1260 2687 1344 2740 about
1352 2688 1398 2741 tlte
1403 2691 1569 2757 patronem,

376 2771 401 2822 is
412 2770 558 2823 instituted
566 2776 593 2823 to
605 2770 651 2822 tlte
662 2770 764 2823 chureii
776 2773 807 2838 os
817 2770 964 2838 nunniti]

399 2872 875 2936 NORTHGIVEL.—Ricardus
902 2873 945 2936 de
972 2874 1075 2950 Lada,
1100 2873 1246 2949 clericus,
1272 2883 1482 2955 presentatus
1513 2896 1571 2957 per

311 2976 457 3040 nobilem
475 2977 581 3040 virum
595 2976 762 3040 Comitem
779 2977 988 3051 Gloucestrie
1003 2988 1037 3041 et
1056 2977 1257 3054 Hertfordie,
1273 2979 1401 3040 ratione
1420 2979 1571 3043 custodie

311 3091 396 3144 terre
419 3091 453 3144 et
475 3080 646 3161 Johannis‚
667 3080 724 3144 filii
748 3092 782 3144 et
805 3082 936 3145 heredis
958 3082 1097 3145 Walteri
1117 3081 1160 3145 de
1181 3081 1308 3165 Tresly,
1329 3081 1372 3144 ad
1395 3083 1570 3147 ecclesiam

308 3178 354 3248 xde
375 3180 582 3264 Northgivel,
602 3184 767 3247 admissus
787 3197 846 3262 est,
867 3186 955 3249 facta
975 3187 1066 3268 prius
1087 3187 1301 3268 inquisitione
1324 3207 1383 3269 per
1397 3187 1435 3268 J„
1452 3187 1570 3249 Archi-

311 3287 490 3350 diaconum
522 3288 729 3366 Bedefordie,
754 3290 937 3352 secundum
970 3291 1127 3353 articulos
1157 3299 1344 3367 consuetos,
1368 3300 1402 3353 et
1429 3293 1570 3373 receptis

312 3392 430 3455 litteris
460 3391 589 3454 domini
628 3394 731 3476 Regis
767 3394 1017 3457 continentibus
1052 3394 1141 3475 quod
1177 3393 1348 3475 Johannes
1379 3394 1421 3457 de
1452 3394 1571 3476 Tresly

311 3516 423 3558 coram
454 3495 651 3576 Justiciariis
682 3497 772 3579 apud
804 3498 1142 3560 Westmonasterium
1179 3518 1237 3579 per
1267 3498 1569 3562 considerationem

312 3600 400 3662 cu'rie
417 3601 622 3682 recuperavit
639 3601 795 3663 saisinam
813 3622 909 3664 suam
926 3601 969 3664 de
990 3601 1210 3664 advocatione
1229 3602 1368 3664 ecclesie
1383 3600 1426 3664 de
1447 3602 1478 3664 N
1481 3602 1570 3664 orth-

311 3704 410 3786 giuel'
426 3724 539 3767 versus
557 3704 775 3788 Radulphum
792 3705 834 3767 de
852 3706 970 3783 Tivill’,
987 3706 1030 3769 ad
1046 3706 1186 3769 eandem
1208 3707 1381 3769 ecclesiam
1404 3706 1570 3769 admissus

312 3818 417 3872 estet
440 3809 473 3872 in
497 3831 537 3872 ea
559 3813 719 3873 canonice
742 3833 884 3893 persona
911 3811 1092 3874 institutus,
1139 3812 1184 3874 Et
1204 3810 1390 3891 injunctum
1410 3821 1460 3873 est
1479 3811 1570 3874 dicto

313 3911 561 3976 Archidiacono
590 3916 735 3997 presenti
763 3925 809 3992 ut,
828 3926 891 3979 etc.
940 3916 1063 3979 Veniet
1090 3916 1193 3978 etiam
1222 3914 1310 3978 idem
1336 3914 1500 3978 Ricardus
1527 3914 1569 3977 ad

313 4003 486 4098 proximos
509 4017 642 4081 ordines
666 4018 872 4082 ordinandus
897 4020 929 4082 in
954 4018 1205 4082 subdiaconum.
1303 4085 1310 4094 ,
1374 4004 1377 4010 ¹

378 4212 521 4278 [Mena]

807 4284 948 4348 Auuus
971 4279 1077 4346 xvr¹³⁸.

312 4395 454 4461 [Richard
466 4412 516 4448 son
535 4397 571 4464 os
577 4397 656 4463 John
674 4398 707 4450 de
725 4399 922 4458 Swanebume.
942 4400 1111 4462 snb-deaeon
1126 4400 1276 4466 presented
1291 4399 1324 4466 by
1343 4399 1389 4450 tlte
1409 4398 1496 4451 Prien
1512 4398 1573 4450 and

377 4493 479 4530 mitens
490 4479 525 4542 of
531 4478 713 4543 Newenham,
726 4481 751 4531 is
760 4480 908 4533 instituted
914 4486 942 4533 te
953 4481 998 4534 the
1006 4481 1108 4534 chitrei
1120 4483 1156 4549 es
1162 4482 1265 4548 Aspley
1280 4481 1386 4545 Grise]

401 4582 828 4660 ASPELAYA.—Ricardu5‚
854 4583 940 4646 filius
965 4585 1127 4666 Johannis
1158 4585 1200 4648 de
1231 4586 1467 4658 Swanebume,
1493 4584 1569 4646 sub-

313 4688 482 4762 diaconus,
499 4681 708 4768 presentatus
725 4708 783 4769 per
800 4689 947 4750 Priorem
963 4698 997 4751 et
1018 4690 1196 4752 canonicos
1211 4688 1254 4752 de
1276 4688 1505 4752 Newenhame
1526 4685 1568 4749 ad

313 4783 487 4855 ecclesiam
511 4784 553 4852 de
578 4790 758 4872 Aspelaya,
782 4792 870 4855 facta
894 4795 984 4874 prius
1009 4795 1221 4875 inquisitione
1252 4815 1310 4875 per
1332 4794 1370 4875 J„
1394 4783 1569 4855 Archidia-

313 4895 433 4960 conum
456 4893 662 4971 Bedefordie,
683 4917 870 4977 perquam,
890 4908 960 4974 etc,
980 4897 1146 4960 admissus
1165 4908 1216 4960 est
1235 4906 1269 4960 et
1289 4899 1321 4959 in
1346 4918 1386 4959 ea
1410 4897 1569 4958 canonice

314 4990 456 5083 persona
472 4999 650 5062 institutus,
697 4993 742 5062 Et
758 5000 946 5080 injunctum
963 5012 1014 5066 est
1029 5001 1120 5065 dicto
1137 5001 1383 5065 Archidiacono
1402 5010 1448 5077 ut,
1464 5009 1524 5064 etc.
1562 4991 1567 4998 ⁸
