3550 5692
302 567 351 634 ,14
656 543 792 615 Rotule'
808 540 985 637 Hugvnis
1001 540 1045 612 de
1073 539 1205 612 Welles

1183 692 1224 696 -.
1242 691 1251 696 .
1259 691 1337 696 ..-..-
1349 691 1562 698 ———---—-

300 778 432 846 [Stephen
451 778 485 831 de
504 777 692 839 Herdewieke,
707 777 844 846 cleptein,
858 775 1056 845 presentedby
1076 776 1121 828 tlte
1141 774 1307 828 Abierant
1324 775 1450 828 Convenit
1467 776 1503 842 of
1521 776 1562 829 St.

365 862 480 920 Atlans,
492 861 518 914 is
528 861 674 948 instituted
682 863 763 915 vicar
771 861 806 930 of
818 860 975 928 Hengtiton
987 860 1093 928 Regis]

390 973 580 1036 HOCTONE
597 972 1008 1055 Victima-Stephanus
1024 970 1067 1034 de
1091 969 1321 1046 Herdewiclre,
1337 970 1562 1053 cappellanus,

300 1086 510 1159 presentatus
526 1099 585 1160 per
597 1077 767 1142 Abbatem
784 1088 818 1142 et
833 1085 1036 1140 conventum
1053 1076 1160 1138 sancti
1174 1074 1299 1138 Albani
1310 1074 1353 1137 ad
1364 1086 1560 1158 perpetuam

300 1181 457 1244 vicariam
480 1181 619 1244 ecclesie
642 1181 684 1244 de
710 1181 877 1246 Hoctone.
902 1180 1091 1243 ordinatam
1115 1178 1159 1242 ab
1182 1178 1331 1260 antiquo,
1355 1178 1444 1241 facta
1470 1180 1561 1260 prius

301 1285 516 1366 inquisitione
540 1305 599 1366 per
620 1285 658 1366 J.‚
681 1284 966 1349 Archidiaconum
992 1283 1201 1359 Bedefordie,
1221 1303 1279 1364 per
1301 1299 1412 1365 quam,
1428 1293 1502 1359 etc„
1517 1283 1560 1347 ad

298 1387 442 1452 eandem
473 1388 639 1451 admissus
665 1399 721 1452 est
751 1409 828 1451 cum
859 1409 960 1450 onere
990 1397 1025 1450 et
1055 1408 1143 1469 pena
1170 1387 1377 1462 vicariorum,
1407 1396 1469 1450 etc.
1516 1387 1561 1450 Et

302 1492 499 1555 mandatum
525 1499 576 1554 est
601 1492 693 1556 dicto
713 1492 963 1555 Archidiacono
983 1502 1029 1568 ut,
1047 1502 1109 1556 etc.
1157 1492 1201 1555 Et
1221 1491 1310 1554 valet
1329 1491 1420 1554 dicta
1439 1493 1561 1554 vicaria

301 1595 327 1659 C
345 1595 470 1658 solidos
486 1605 520 1658 et
537 1596 689 1677 amplius,
706 1595 764 1660 sed
782 1598 813 1658 in
831 1597 952 1679 quibus
968 1597 1130 1659 consistat
1146 1615 1212 1658 non
1230 1595 1399 1658 habemus.

300 1915 395 1983 [Peter
403 1915 436 1968 de
456 1915 546 1976 Clara,
559 1915 728 1980 sub-deacen,
738 1916 887 1984 presented
902 1915 991 1984 hythe
1004 1916 1080 1968 Earl
1094 1917 1129 1983 os
1138 1916 1296 1969 Glaucester
1304 1915 1365 1969 and
1373 1916 1518 1985 Hertsord.
1529 1928 1562 1969 a's

299 2007 300 2012 ’
361 1993 507 2064 gerardien
528 1998 564 2065 os
575 1997 620 2048 tlte
639 1997 703 2050 heir
717 1998 753 2065 es
778 1997 884 2051 Walter
901 1999 935 2050 de
957 1999 983 2049 Τ
980 1999 1070 2066 railly,
1091 1999 1117 2050 is
1135 1998 1282 2051 instituted
1298 2004 1325 2051 to
1343 1999 1389 2051 the
1410 1999 1512 2052 chureii
1531 2001 1567 2068 os
1765 2004 1766 2081 l

369 2078 502 2154 l'elden.]¹
1765 2086 1766 2147 l

297 2246 298 2254 ,
389 2180 799 2246 GVVELDENE.-Petrus
822 2184 865 2246 de
888 2183 995 2260 Clara,
1012 2184 1247 2260 subdiaconus
1269 2193 1479 2267 presentatus
1501 2205 1561 2267 per
1765 2194 1766 2197 ’

297 2284 446 2348 :nobilem
462 2285 569 2350 virum
590 2285 777 2350 Gilbertum
798 2287 840 2350 de
862 2287 969 2364 Clara,
986 2287 1152 2351 Comitem
1175 2288 1383 2353 Gloucestrie
1403 2298 1438 2352 et
1459 2289 1560 2352 Hert-

301 2388 414 2464 lordie,
429 2389 558 2452 ratione
573 2389 725 2454 custodie
741 2401 827 2454 terre
843 2401 876 2454 et
899 2391 1030 2455 heredis
1047 2391 1187 2455 Walteri
1200 2392 1242 2455 de
1258 2391 1386 2475 Trailly
1403 2393 1435 2454 in
1457 2412 1558 2454 manu

298 2491 371 2573 ejus
387 2493 573 2570 existentis
589 2493 631 2556 ad
656 2494 831 2558 ecclesiam
853 2494 897 2558 de
916 2495 1109 2570 Giveldene‚
1126 2495 1213 2558 facta
1235 2497 1326 2578 prius
1345 2496 1560 2578 inquisitione

300 2615 358 2676 per
387 2595 425 2677 J.‚
457 2597 741 2661 Archidiaconum
776 2599 983 2675 Bedelordie,
1015 2620 1073 2681 per
1103 2620 1215 2681 quam,
1244 2610 1315 2676 etc,
1342 2599 1384 2662 ad
1415 2599 1557 2663 eandem

300 2698 465 2762 admissus
481 2709 540 2764 est.
588 2700 633 2764 Et
651 2702 849 2788 mandatum
868 2713 919 2766 est
935 2702 1026 2766 dicto
1044 2702 1300 2780 ArchidiaconO,
1316 2714 1377 2767 etc.

300 3019 441 3086 [Anerew
460 3020 494 3072 de
516 2997 861 3085 Cromdene,⁹sub·deaeen,'
872 3024 1022 3091 presented
1038 3025 1071 3092 by
1090 3025 1135 3076 the
1152 3025 1238 3078 Prior
1251 3025 1313 3077 and
1330 3026 1456 3078 Convent
1468 3028 1504 3094 os
1516 3027 1555 3080 St.

362 3101 456 3165 Neon,
477 3103 503 3154 is
519 3103 665 3156 instituted
678 3110 706 3156 te
722 3104 767 3156 tlte
784 3105 937 3172 charchas
959 3106 985 3156 T
982 3121 1076 3174 urvey.
1109 3107 1136 3159 A
1149 3108 1263 3175 portion
1280 3109 1305 3159 is
1320 3108 1450 3160 reserued
1469 3112 1497 3160 te
1512 3108 1559 3161 tire

369 3184 514 3252 Conveni]

387 3294 783 3360 TURVEvn.-Andreas
807 3298 849 3361 de
872 3298 1072 3376 Cromdene,
1095 3299 1328 3377 subdiaconus,
1347 3313 1556 3383 presentatus

300 3419 359 3481 per
375 3399 522 3462 Priorem
543 3409 577 3462 et
598 3399 799 3464 conventum
823 3402 939 3466 Sancti
965 3402 1066 3466 Neoti
1089 3404 1131 3467 ad
1155 3405 1330 3467 ecclesiam
1347 3406 1390 3469 de
1406 3407 1556 3485 Torveia‚

299 3497 398 3564 'facta‘
419 3503 508 3584 prius
536 3501 752 3584 inquisitione
782 3513 840 3587 per
870 3505 908 3586 J.‚
940 3505 1225 3569 Archidiaconum
1261 3508 1468 3586 Bedesordie,
1498 3533 1557 3593 per

296 3625 410 3686 quam,
436 3614 507 3682 ete,
532 3606 700 3670 admissus
724 3618 775 3672 est
801 3619 835 3671 et
863 3604 1057 3673 institutus(
1092 3611 1137 3674 Et
1165 3611 1361 3675 mandatum
1388 3623 1439 3676 est
1465 3615 1556 3678 dicto

301 3708 548 3773 Archidiacono
569 3721 614 3788 ut,
630 3723 700 3790 etc,
717 3714 808 3776 salva
824 3714 923 3776 dictis
945 3715 1047 3777 Priori
1067 3724 1101 3777 et
1121 3718 1300 3779 conventui
1324 3719 1477 3799 portione
1496 3741 1556 3782 sua

299 3813 461 3894 quamde
485 3817 699 3904 concessione
717 3817 845 3879 domini
860 3817 1035 3901 Episcopi.
1052 3829 1087 3882 et
1109 3821 1246 3903 capituli
1272 3822 1554 3886 Lincolniensium

300 3915 425 3979 habent
440 3916 572 3982 ibidem.

301 4153 409 4220 [Adam
421 4154 455 4207 de
466 4155 608 4220 Belescete,
621 4156 759 4225 eheplain
765 4162 916 4226 presented
926 4161 959 4228 by
970 4161 1016 4214 the
1026 4162 1115 4215 Abtot
1127 4163 1189 4214 and
1204 4163 1330 4216 Conveni
1342 4165 1378 4231 of
1389 4166 1428 4218 St.
1441 4166 1554 4231 Athens,

364 4237 389 4288 is
399 4237 546 4290 instituted
554 4239 634 4291 vicar
643 4241 678 4308 ef
689 4240 781 4293 Luten
792 4243 823 4293 in
834 4244 982 4296 successien
993 4249 1022 4295 te
1026 4244 1106 4308 John
1118 4244 1151 4296 de
1161 4246 1263 4298 anneto
1272 4246 1403 4314 Albana]

306 4388 309 4404 ι
388 4346 923 4416 LUYTONEVICAR1n.-Adam
943 4353 985 4416 de
1006 4355 1188 4432 Belescote,
1204 4357 1406 4439 capellanus,
1422 4379 1554 4440 presen-

298 4456 389 4511 tatus
413 4470 471 4531 per
488 4450 658 4516 Abbatem
682 4463 716 4516 et
739 4465 942 4518 conventum
963 4456 1006 4519 de
1031 4458 1157 4522 Sancto
1173 4459 1310 4523 Albano
1332 4462 1374 4523 ad
1397 4464 1552 4526 vicariam

298 4551 341 4614 de
365 4551 530 4635 Luytone,
554 4575 654 4636 quam
681 4557 843 4639 Magister
865 4558 1036 4640 Johannes
1059 4560 1102 4641 de
1126 4563 1252 4627 Sancto
1276 4564 1412 4629 Albano
1435 4567 1553 4631 ultimo

294 4656 416 4736 tenuit,
437 4657 525 4720 facta
549 4659 639 4740 prius
663 4661 877 4741 inquisitione
901 4683 959 4744 per
977 4663 1016 4745 J.‚
1037 4664 1320 4730 Archidiaconum
1347 4669 1554 4748 Bedefordie‚

298 4777 358 4838 per
387 4779 498 4840 quam,
528 4771 599 4838 ete,
629 4763 671 4825 ad
702 4764 844 4827 eandem
875 4766 1042 4830 admissus
1072 4779 1131 4845 est,
1161 4792 1237 4834 cum
1269 4793 1369 4835 onere
1399 4784 1433 4836 et
1467 4797 1553 4858 pena

300 4861 507 4940 vicariorum,
531 4875 592 4928 etc.
640 4867 684 4929 Et
716 4867 903 4949 injunctum
930 4881 981 4934 est
1005 4871 1096 4936 dicto
1121 4874 1377 4955 Archidiacon0‚
1400 4882 1554 4960 presenti,

299 4973 344 5042 ut,
360 4975 420 5028 etc.
