3550 5692
291 562 362 637 218
632 555 769 633 Rutuli
791 558 968 656 Hugon'e's
993 556 1038 631 de
1072 554 1214 631 Welles.

284 792 379 863 [John
394 794 429 849 de
444 793 631 855 Nemeum.
644 792 794 861 presented
806 792 840 861 by
856 792 902 846 the
918 792 1006 845 Puer
1019 792 1080 845 and
1096 792 1273 860 Conventus
1285 790 1424 853 Durium
1435 792 1512 860 aster
1524 807 1543 845 a

349 876 459 947 dispute
467 876 552 931 deret
560 877 606 930 the
611 880 777 945 patronage,
789 876 815 929 is
825 874 972 929 instincted
980 879 1008 928 to
1019 874 1064 927 the
1075 874 1177 927 church
1189 875 1225 943 of
1230 874 1429 943 flemme]

372 986 892 1071 [BISCOPETORP'.]-—Johannes
919 983 962 1049 de
993 984 1213 1049 Normanton'
1244 984 1379 1068 [blank],
1410 1004 1541 1067 presen-

285 1099 376 1154 tatus
392 1110 450 1174 per
467 1092 612 1155 Priorem
629 1101 662 1155 et
678 1100 880 1154 conventum
905 1088 1061 1153 Dunelm’
1077 1086 1120 1152 ad
1136 1089 1311 1153 ecclesiam
1327 1087 1370 1153 de
1387 1088 1542 1171 Biscope-

286 1194 380 1278 torp’,
402 1194 491 1259 facta
510 1196 600 1278 prius
620 1195 834 1277 inquisitione
857 1214 917 1277 per
940 1194 989 1271 R.,
1006 1190 1290 1257 Archidiaconum
1313 1193 1493 1270 Lincolnie‚
1508 1203 1542 1257 et

286 1298 428 1381 receptis
447 1298 563 1362 litteris
579 1297 707 1362 domini
727 1298 831 1380 Regis
845 1296 1094 1361 continentibus
1110 1296 1291 1379 quodcum
1309 1297 1413 1361 assisa
1428 1296 1542 1361 ultime

287 1402 543 1483 presentationis
566 1402 771 1465 summonita
794 1401 910 1465 fuisset
934 1402 966 1463 in
991 1401 1081 1464 curia
1101 1421 1162 1464 sua
1180 1399 1270 1483 apud
1295 1400 1413 1483 Blyam
1431 1421 1541 1463 coram

286 1503 446 1571 dilectis.
472 1557 477 1566 .
500 1555 507 1569 .
530 1556 537 1569 .
561 1507 629 1567 suis
647 1505 796 1569 Roberto
807 1503 850 1569 de
863 1504 1036 1568 Lexinton
1051 1514 1085 1567 et
1098 1502 1269 1568 Willelmo
1284 1503 1326 1567 de
1344 1504 1421 1569 Elm
1445 1554 1451 1567 .
1475 1554 1482 1566 .
1505 1554 1511 1567 .
1535 1554 1541 1566 .

284 1606 475 1689 justiciariis
496 1610 564 1671 suis
583 1607 626 1671 ad
646 1608 709 1671 hoc
728 1609 930 1683 constitutis,
950 1609 1035 1671 inter
1051 1606 1236 1671 Walterum
1258 1606 1348 1684 Bek',
1363 1617 1543 1690 petentem,

286 1720 320 1775 et
332 1710 510 1789 Thomam,
522 1711 668 1775 Priorem
685 1710 854 1787 Dunolm',
866 1709 1168 1787 deforciantem,de
1179 1710 1319 1774 ecclesia
1331 1710 1373 1774 de
1391 1711 1542 1795 Bissope-

287 1814 380 1898 torp’,
410 1813 499 1879 idem
531 1813 699 1879 Walterus
728 1815 820 1879 venit
846 1816 880 1877 in
908 1814 1026 1879 eadem
1054 1815 1144 1878 curia
1170 1835 1231 1877 sua
1256 1813 1319 1898 [et]
1350 1816 1542 1898 recognovit

286 1918 540 1983 advocationem
571 1918 723 2001 ejusdem
752 1919 891 1983 ecclesie
921 1940 997 1984 cum
1029 1918 1237 2001 pertinentiis
1264 1939 1337 1983 esse
1361 1918 1416 2000 jus
1442 1920 1544 2002 ipsius

289 2023 409 2087 Prioris
423 2033 457 2087 et
472 2024 611 2087 ecclesie
626 2044 685 2087 sue
702 2022 871 2099 Dunolm',
880 2033 915 2087 et
931 2023 1021 2088 illam
1039 2024 1165 2087 remisit
1178 2032 1211 2087 et
1224 2024 1374 2105 quietum
1388 2023 1543 2087 clamavit

286 2125 330 2189 de
345 2147 381 2189 se
395 2135 429 2190 et
448 2125 625 2190 heredibus
641 2127 709 2189 suis
725 2124 834 2190 eidem
852 2127 956 2190 Priori
972 2136 1006 2189 et
1021 2126 1267 2189 successoribus
1284 2127 1351 2189 suis
1353 2176 1543 2203 .......

286 2229 424 2295 ecclesie
461 2251 520 2295 sue
559 2229 717 2294 Dunolm’
749 2231 1005 2313 imperpetuum,
1036 2252 1094 2313 per
1124 2250 1197 2313 que,
1227 2240 1298 2307 etc,
1329 2230 1371 2295 ad
1402 2231 1543 2299 eandem

286 2332 452 2399 admissus
471 2344 532 2412 est,
547 2354 622 2398 cum
640 2354 740 2399 onere
758 2346 792 2399 et
812 2354 899 2417 pena
915 2335 1122 2412 vicariorum,
1137 2343 1170 2398 et
1186 2345 1223 2398 ut
1239 2335 1351 2398 veniat
1371 2335 1404 2397 in
1421 2335 1545 2417 presbi-

287 2446 395 2503 terum
407 2438 621 2504 ordinandus.
662 2439 706 2502 Et
723 2438 920 2502 mandatum
936 2447 988 2502 est
1003 2438 1111 2503 eidem
1129 2437 1377 2502 Archidiacono
1394 2449 1439 2516 ut,
1447 2449 1507 2503 etc.

286 2606 326 2676 [Α
337 2608 476 2677 chaplae'n,
482 2608 633 2676 presented
640 2613 674 2677 ey
684 2609 730 2661 the
740 2608 828 2661 Pn'or
836 2610 872 2676 of
880 2608 1011 2671 Bumuell,
1025 2609 1050 2660 is
1061 2608 1207 2662 instituted
1214 2608 1296 2661 vicar
1304 2609 1340 2677 os
1345 2609 1372 2661 A
1375 2609 1508 2677 utherpe]

374 2716 677 2802 [HAGETORP'.]-
678 2768 897 2781 ........
922 2717 962 2794 n’,
999 2717 1201 2801 capellanus
1239 2729 1449 2801 presentatus
1487 2742 1546 2803 per

288 2820 434 2885 Priorem
451 2821 494 2885 de
515 2820 666 2886 Burwell'
681 2821 724 2885 ad
741 2822 898 2885 vicariam
914 2822 1052 2886 ecclesie
1071 2821 1113 2885 de
1136 2821 1320 2905 Hagetorp,
1344 2822 1432 2887 iacta
1455 2825 1545 2906 prius

288 2924 502 3006 inquisitione
526 2946 585 3006 per
609 2925 657 3002 R,
673 2924 958 2988 Archidiaconum
985 2925 1166 3001 Lincolnie‚
1191 2946 1372 3008 perquam
1396 2924 1480 3008 [etc.‚
1501 2925 1545 2989 ad

287 3026 429 3095 eandem
449 3026 630 3111 admissus]
653 3040 713 3105 est,
728 3049 804 3092 cum
821 3049 922 3094 onere
937 3041 971 3093 et
988 3049 1074 3113 pena
1089 3029 1294 3095 vicariorum.
1342 3028 1387 3093 Et
1408 3030 1546 3093 manda·

287 3139 361 3193 tum
377 3140 428 3195 est
443 3129 552 3195 eidem
570 3129 819 3194 Archidiacono
834 3141 878 3194 ut

368 3302 444 3389 [On
461 3304 514 3367 the
528 3304 620 3367 dorse
630 3304 699 3387 .·-]

289 3473 378 3540 [Oetle
389 3475 426 3541 os
431 3475 575 3530 mnenical
583 3474 722 3528 obede'ence
731 3475 768 3543 of
773 3475 922 3543 Regineld.
934 3475 1024 3529 Abboe
1032 3476 1068 3544 os
1073 3476 1113 3530 st.
1125 3476 1267 3540 Ne'cholas,
1277 3476 1413 3560 Augus]

378 3585 481 3649 Anno
496 3585 603 3669 gratie
621 3586 693 3648 Μ11ῃο
708 3585 801 3649 CC¹⁰
816 3585 974 3668 xxxiiijl‘,
986 3585 1040 3649 die
1059 3586 1153 3649 Lune
1166 3587 1322 3668 proxima
1335 3595 1411 3668 post
1423 3584 1544 3648 festum

291 3689 406 3755 Sancti
436 3689 600 3773 Johannis
630 3698 708 3753 ante
740 3690 874 3753 Portam
908 3689 1074 3767 Latinam,
1101 3690 1235 3766 scilicet,
1260 3689 1317 3771 viij
1349 3688 1423 3751 idus
1456 3689 1546 3765 Maii,

291 3792 507 3876 Reginaldus,
534 3793 652 3857 Abbas
681 3794 796 3858 Sancti
824 3793 979 3857 Nicholai
1012 3792 1219 3877 Andegavie,
1250 3792 1407 3875 inspectis
1438 3813 1544 3856 sacro-

290 3896 423 3974 sanctis,
448 3895 571 3979 juravit
595 3896 734 3960 domino
766 3896 992 3960 Lincolniensi
1019 3896 1197 3979 Episcopo
1226 3896 1364 3978 Hugoni
1391 3895 1546 3971 secundo,

290 3999 534 4065 successoribus
557 4009 591 4063 et
614 3999 821 4064 Officialibus
837 4001 914 4078 suis,
930 4000 1156 4064 obedientiam
1173 4001 1377 4076 canonicam,
1394 4007 1430 4063 ut
1446 3999 1545 4061 moris

219 4188 224 4193 ἱ
290 4105 350 4168 est.¹
421 4101 633 4167 Presentibus
671 4103 830 4179 Waltero,
868 4103 1090 4168 Thesaurario
1112 4103 1310 4180 'Lincolnie‚
1346 4102 1483 4167 Warino
1512 4112 1546 4165 et

293 4206 451 4283 Robert0‚
481 4206 671 4289 capellanis
710 4207 873 4291 Magistro
906 4207 1055 4271 Roberto
1084 4206 1127 4271 de
1160 4206 1372 4290 Hynkeleya,
1401 4216 1435 4269 et
1465 4204 1544 4268 aliis

292 4311 418 4376 Actum
446 4309 536 4393 apud
568 4310 680 4374 Stowe
707 4310 741 4373 in
768 4331 855 4374 nova
884 4331 1018 4374 camera
1047 4310 1127 4373 dicti
1158 4310 1285 4374 domini
1318 4308 1476 4396 Episcopi
1506 4328 1546 4371 eo

291 4414 429 4479 sedente
445 4425 523 4478 ante
539 4413 661 4477 lectum
679 4434 777 4477 suum
795 4414 828 4477 in
845 4413 1004 4478 cathedra
1019 4424 1053 4479 et
1074 4415 1160 4479 circa
1179 4415 1295 4479 horam
1316 4414 1458 4498 primam
1481 4411 1548 4495 [the

291 4529 384 4600 entey
398 4518 478 4582 ends
492 4517 587 4600 ltere}
