3550 5692
319 581 363 654 28
661 575 798 654 Rotu'le‘
820 575 998 678 Hugone's
1022 579 1066 654 de
1101 579 1233 655 Welles

380 818 477 887 [uem.
496 817 531 886 s]

314 917 450 982 [Genese
466 915 500 969 de
511 915 685 979 Newentone,
699 915 869 974 sub-deam,
882 916 1034 984 presented
1046 915 1079 984 by
1090 915 1217 970 Rr'eleerd
1228 915 1264 970 de
1280 916 1361 971 Bello
1376 917 1488 984 Campo,
1500 918 1577 986 after

378 1014 397 1051 a
408 997 518 1066 despecte
527 997 612 1050 aboed
619 997 665 1050 tlte
672 1001 836 1066 patronage,
850 996 1030 1050 rsr'nestituted
1037 1001 1065 1050 to
1075 997 1120 1049 tlte
1131 997 1232 1050 cleared
1243 997 1280 1066 of
1285 997 1422 1065 Sindon]

397 1099 817 1169 .SELTONE,-Gervasius
830 1099 873 1162 de
885 1099 1102 1176 Newentone,
1115 1099 1349 1178 subdiaconus,
1362 1111 1573 1184 presentatus

316 1225 375 1288 per
392 1205 573 1270 Ricardum
589 1205 632 1268 de
648 1204 743 1268 Bello
759 1204 890 1286 Campo
906 1201 948 1266 ad
964 1202 1138 1267 ecclesiam
1155 1203 1198 1268 de
1215 1203 1362 1280 Seltone,
1378 1204 1468 1268 iacta
1484 1205 1573 1288 prius

316 1309 530 1391 inquisitione
554 1329 612 1391 per
632 1307 831 1389 Johannem,
856 1306 1143 1371 Archidiaconum
1172 1307 1347 1385 Bedesord,
1373 1319 1408 1374 et
1431 1311 1573 1394 receptis

315 1413 433 1477 litteris
456 1411 584 1476 domini
609 1412 712 1495 Regis
736 1411 985 1475 continentibus
1007 1410 1097 1493 quod
1122 1432 1198 1475 cum
1224 1411 1390 1476 Ricardus
1412 1413 1457 1476 de
1479 1413 1574 1477 Bello

316 1517 446 1598 Campo
461 1535 573 1578 coram
589 1515 785 1596 Justiciariis
801 1514 869 1578 suis
885 1514 975 1597 apud
993 1514 1330 1580 westmonasterium
1346 1517 1572 1581 summonitus

314 1630 402 1685 esset
418 1618 460 1682 ad
477 1617 747 1701 respondendum
766 1618 894 1682 Abbati
917 1618 960 1684 de
978 1618 1183 1683 Lavendone
1205 1640 1308 1702 quare
1328 1620 1471 1702 impedit
1495 1641 1572 1685 eum

316 1731 506 1806 presentare
537 1720 692 1786 idoneam
724 1743 901 1804 personam
929 1722 972 1786 ad
997 1722 1171 1786 ecclesiam
1198 1723 1241 1788 de
1269 1723 1459 1802 Scheltone,
1483 1725 1572 1791 idem

317 1826 435 1891 Abbas
465 1824 556 1888 venit
587 1825 619 1887 in
652 1824 770 1888 eadem
801 1825 892 1888 curia
920 1843 1032 1888 coram
1063 1826 1190 1890 eisdem
1215 1827 1413 1909 Justiciariis
1440 1829 1510 1892 suis
1539 1839 1573 1894 et

316 1929 509 2014 recognovit
538 1939 573 1993 et
603 1930 767 1993 concessit
797 1929 907 1993 eidem
940 1929 1087 1995 Ricardo
1125 1931 1381 1994 advocationem
1421 1931 1573 2014 ejusdem

315 2035 453 2100 ecclesie
468 2054 541 2098 esse
554 2033 609 2116 jus
625 2035 729 2117 ipsius
746 2032 905 2112 Ricardi;
926 2044 961 2098 et
977 2043 1128 2117 preterea
1140 2035 1308 2100 Robertus
1324 2036 1411 2100 filius
1423 2038 1574 2116 Galfridi,

316 2141 482 2224 particeps
498 2137 602 2220 ipsius
619 2138 763 2214 Ricardi‚
779 2159 915 2222 presens
932 2139 995 2202 fuit
1010 2140 1044 2202 in
1060 2139 1179 2202 eadem
1199 2140 1290 2203 curia
1312 2160 1425 2204 coram
1446 2141 1573 2206 eisdem

316 2241 521 2328 Justiciariis,
546 2253 580 2307 et
605 2243 731 2306 remisit
755 2242 866 2306 eidem
894 2243 1039 2307 Ricardo
1061 2253 1096 2307 et
1116 2244 1295 2308 heredibus
1320 2245 1388 2308 suis
1416 2245 1517 2311 dese
1540 2256 1574 2310 et

316 2349 493 2414 heredibus
510 2350 578 2413 suis
593 2357 701 2412 totum
717 2345 771 2429 jus
787 2357 821 2411 et
837 2348 994 2412 clamium
1016 2349 1106 2431 quod
1122 2348 1240 2413 habuit
1256 2349 1289 2412 in
1306 2349 1457 2432 predicta
1472 2349 1573 2414 advo-

316 2454 456 2531 catione,
477 2474 536 2537 per
558 2473 633 2535 que,
655 2461 725 2527 etc,
748 2451 791 2514 ad
816 2451 959 2515 eandem
983 2451 1158 2516 ecclesiam
1184 2473 1260 2516 cum
1286 2454 1494 2535 pertinentiis
1516 2454 1574 2517 ad-

317 2557 437 2621 missus
457 2567 517 2635 est,
532 2565 593 2620 etc.
641 2555 686 2618 Et
707 2555 906 2619 mandatum
926 2565 977 2618 est
999 2555 1179 2633 Almarico,
1201 2555 1449 2621 Archidiacono
1469 2557 1574 2622 Bede-

317 2660 431 2738 sordie‚
446 2670 493 2738 ut,
509 2668 571 2725 etc.

313 2831 427 2898 [Simon
438 2830 472 2883 de
483 2830 671 2888 Hornecastre,
683 2829 821 2898 chaplain,
830 2829 979 2896 presented
986 2829 1070 2897 bythe
1076 2828 1230 2884 Pn‘orand
1238 2829 1363 2884 Convent
1371 2832 1407 2899 os
1413 2831 1575 2891 Dunstable‚

381 2913 405 2964 is
415 2911 561 2965 instituted
569 2913 650 2965 vicar
658 2911 694 2979 os
701 2910 866 2964 Pulloxhill.
904 2911 961 2963 The
972 2912 1104 2979 wearage
1114 2911 1139 2963 is
1149 2910 1305 2980 desm'ded.]

407 3011 959 3098 PULLOKERSHULLErMagistcr
979 3014 1097 3078 Simon
1120 3014 1163 3078 de
1181 3014 1415 3091 Hornecastre,
1433 3017 1575 3099 capella-

318 3139 389 3196 nus,
407 3127 619 3201 presentatus
637 3138 695 3200 per
713 3118 858 3180 Priorem
875 3127 910 3182 et
925 3127 1128 3186 conventum
1147 3118 1348 3200 Dunstaplie
1363 3119 1406 3182 ad
1419 3120 1575 3183 vicariam

318 3223 457 3288 ecclesie
472 3223 515 3286 de
532 3221 790 3298 Pullokeshulle,
807 3222 896 3285 facta
912 3222 1002 3304 prius
1018 3222 1232 3304 inquisitione
1248 3243 1307 3305 per
1323 3223 1372 3300 R,
1388 3223 1574 3288 Officialem

320 3327 527 3403 Bedesordie‚
544 3347 603 3408 per
625 3347 736 3408 quam,
752 3336 822 3402 etc,
839 3324 881 3388 ad
905 3325 1048 3389 eandem
1072 3326 1238 3389 admissus
1260 3336 1320 3403 est,
1335 3348 1411 3391 cum
1428 3349 1528 3392 onere
1543 3337 1576 3393 et

320 3453 406 3515 pena
437 3431 643 3506 vicariorum,
673 3440 734 3494 etc.
780 3429 958 3493 ⁴Consistit
996 3438 1109 3492 autem
1147 3429 1238 3493 dicta
1274 3430 1397 3494 vicaria
1433 3432 1466 3494 in
1505 3442 1576 3496 toto

319 3535 481 3619 altaragio
511 3545 544 3598 et
570 3535 603 3596 in
629 3535 726 3597 tertia
753 3533 857 3615 garba
881 3532 1011 3596 decime
1035 3534 1138 3596 totius
1165 3533 1250 3610 ville,
1273 3545 1383 3616 preter
1406 3555 1507 3617 quam
1534 3537 1577 3600 de

321 3640 427 3703 feodis
455 3639 593 3702 Henrici
620 3639 753 3701 Buinun
781 3647 814 3701 et
845 3637 1005 3701 Willelmi
1030 3638 1236 3715 Wischarde,
1260 3638 1303 3701 de
1329 3638 1450 3721 quibus
1477 3640 1576 3703 nichil

322 3744 462 3827 percipit
485 3744 547 3806 nisi
573 3743 719 3805 minutas
744 3741 902 3818 decimaS,
917 3752 951 3805 et
975 3743 1008 3804 in
1031 3741 1148 3806 decem
1171 3743 1256 3805 acris
1279 3752 1364 3806 terre
1387 3743 1528 3822 arabiliS,
1544 3753 1577 3808 et

321 3848 422 3911 habet
450 3867 604 3910 mansum
636 3854 884 3927 competentem
916 3843 1015 3926 juxta
1045 3846 1228 3910 ecclesiam.
1283 3848 1434 3917 Sustinet
1464 3860 1576 3912 autem

321 3953 463 4015 vicarius
479 3951 593 4014 omnia
608 3971 710 4013 onera
725 3949 863 4013 ecclesie
884 3949 998 4012 debita
1020 3959 1054 4013 et
1078 3961 1238 4013 consueta
1262 3961 1372 4032 preter
1395 3951 1576 4035 hospitium

323 4054 570 4130 Archidiaconi‚
594 4052 684 4134 quod
709 4052 844 4134 quidem
870 4052 950 4115 dicti
975 4053 1068 4116 Prior
1095 4065 1130 4117 ct
1152 4063 1336 4117 conventus
1359 4056 1577 4120 sustinebunt

321 4160 367 4222 Et
383 4159 568 4240 injunctum
585 4166 636 4220 est
652 4156 743 4220 dicto
761 4155 915 4232 Officiali,
930 4157 1086 4238 presenti,
1103 4168 1147 4234 ut,
1163 4169 1223 4222 etc.

320 4464 429 4530 [Simon
441 4462 475 4515 de
483 4459 628 4529 Bedeserd
641 4459 809 4521 subdeaeon,
816 4459 967 4526 presented
972 4460 1005 4526 by
1013 4459 1059 4512 tlte
1069 4460 1156 4512 Prior
1161 4460 1221 4512 and
1227 4461 1352 4513 Convent
1357 4462 1393 4529 of
1395 4461 1576 4524 Newenham,

385 4546 486 4613 astera
497 4543 606 4610 dispute
616 4541 699 4594 about
708 4542 753 4594 tlee
761 4544 926 4610 patronage,
939 4542 964 4594 is
979 4542 1124 4594 instetuted
1139 4547 1165 4594 to
1184 4542 1230 4594 tlte
1249 4542 1349 4596 cturcn
1359 4544 1396 4611 of
1416 4543 1578 4614 Wrestling·

386 4625 497 4694 world]

409 4723 958 4791 WRASTRINGWRTHE.-Simon
983 4722 1025 4787 de
1052 4724 1226 4801 Bedesord,
1250 4726 1482 4804 subdiaconus
1505 4749 1576 4811 pre·

322 4840 471 4896 scutatus
499 4851 557 4912 per
573 4828 719 4891 Priorem
743 4838 777 4890 et
801 4838 1002 4890 conventum
1027 4827 1069 4890 dc
1093 4828 1247 4891 Neuham
1272 4829 1313 4892 ad
1338 4829 1510 4893 ecclesiam
1535 4832 1577 4895 de

324 4933 647 5013 Wrastringworthe‚
667 4930 755 4993 facta
778 4931 868 5012 prius
893 4931 1107 5012 inquisitione
1132 4953 1190 5014 per
1215 4932 1266 5008 A,
1293 4933 1575 4996 Archidiaconum

324 5036 530 5112 Bedesordie‚
552 5045 586 5100 et
613 5034 754 5116 receptis
779 5033 898 5098 litteris
923 5034 1051 5099 domini
1078 5036 1182 5117 Regis
1213 5035 1461 5099 continentibus
1487 5037 1576 5119 quod
