3550 5692
575 550 755 647 Episcopi
786 550 1072 624 Lz'ncolnz'ensis.
1382 574 1454 645 139

193 787 353 851 Ysabella
374 788 418 851 de
441 788 587 851 Doveria
607 789 673 870 juri
696 788 786 871 quod
812 810 847 852 se
870 788 1004 852 dicebat
1031 788 1154 851 habere
1177 788 1210 851 in
1234 788 1454 854 advocatione

192 890 342 973 ejusdem
372 912 431 973 per
461 891 572 955 literas
600 912 678 954 suas
703 902 856 975 patentes
883 893 1022 955 omnino
1047 892 1270 968 renunciante,
1295 913 1354 974 per
1379 914 1454 975 que,

192 1002 264 1068 etc,
280 994 322 1057 ad
345 993 487 1058 eandem
509 996 684 1058 ecclesiam
704 996 870 1059 admissus
890 1006 950 1071 est,
965 1005 999 1058 et
1019 996 1052 1057 in
1073 1016 1114 1058 ea
1132 996 1291 1059 canonice
1312 1016 1456 1078 persona

192 1097 372 1174 institutus,
389 1118 465 1160 cum
482 1118 582 1162 onere
598 1099 809 1162 ministrandi
830 1098 1048 1181 personaliter
1066 1099 1099 1162 in
1119 1098 1237 1162 eadem
1253 1108 1287 1162 et
1306 1099 1451 1163 habendi
1514 1098 1521 1117 ⁸

191 1200 293 1263 alium
310 1202 521 1283 capellanum
541 1201 698 1265 idoneum
716 1203 843 1266 socium
860 1202 1019 1284 quamdiu
1036 1203 1166 1278 vixerit,
1182 1212 1216 1265 et
1235 1202 1268 1264 in
1284 1223 1324 1265 ea
1340 1224 1452 1266 secum

193 1305 467 1383 ministrantum;
490 1306 582 1372 salva
597 1306 695 1369 dictis
715 1306 843 1369 Abbati
866 1316 901 1369 et
923 1306 1101 1369 conventui
1123 1305 1237 1369 debita
1257 1315 1291 1369 et
1315 1307 1455 1388 antiqua

191 1409 361 1488 pensione.
409 1409 454 1471 Et
470 1408 669 1472 mandatum
685 1408 777 1472 dicto
795 1408 1043 1472 Archidiacono
1059 1419 1105 1485 ut,
1120 1419 1181 1472 etc.

191 1592 340 1661 [Rogerde
356 1595 541 1662 Fapersham,
552 1597 632 1656 cleri,
639 1596 789 1663 presented
806 1596 839 1664 by
850 1596 896 1648 the
914 1596 1002 1649 Peior
1016 1544 1080 1647 anei
1095 1595 1220 1648 Convent
1236 1597 1273 1664 os
1278 1596 1416 1663 Strelsord,
1430 1598 1456 1649 is

254 1677 402 1729 instituted
414 1682 441 1729 to
459 1677 504 1730 tire
523 1678 624 1731 chureii
638 1679 674 1745 of
688 1679 728 1732 St.
739 1678 1050 1746 Peter-by-ttze-Bnitge,
1065 1678 1188 1731 Lincoln.
1226 1678 1283 1731 The
1295 1681 1414 1745 pension
1431 1680 1459 1731 is

254 1759 386 1811 reservent
394 1767 421 1813 to
432 1760 478 1813 the
492 1760 516 1812 C
514 1761 635 1829 onvent]

278 1862 422 1926 SANCTI
453 1863 570 1924 PETRI
603 1862 1042 1944 LINCOLNIE.—Magister
1078 1863 1230 1944 Rogerus
1260 1862 1304 1926 de
1335 1862 1457 1926 Faver-

144 2022 148 2027 .
189 1963 304 2041 sham’,
319 1965 466 2041 clericus,
482 1976 692 2047 presentatus
714 1987 773 2049 per
795 1967 942 2029 Priorem
964 1976 999 2029 et
1021 1975 1224 2029 conventum
1243 1966 1286 2029 de
1314 1966 1458 2031 Selford'

189 2068 232 2130 ad
263 2067 439 2131 ecclesiam
471 2069 567 2131 Beati
601 2071 690 2133 Petri
725 2090 829 2152 prope
860 2079 998 2151 pontem
1031 2069 1212 2145 Lincolnie,
1244 2068 1331 2131 facta
1365 2070 1457 2152 prius
1538 2096 1541 2105 ·

189 2173 406 2254 inquisitione
439 2193 497 2253 per
528 2173 580 2248 Κ,
611 2172 903 2236 Archidiaconum
944 2172 1125 2248 Lincolnie,
1156 2192 1215 2254 per
1244 2191 1355 2253 quam,
1385 2181 1459 2247 etc,

188 2275 357 2338 admissus
382 2284 443 2350 est,
466 2284 500 2337 et
531 2276 564 2337 in
594 2296 636 2338 ea
668 2276 831 2339 canonice
855 2295 998 2358 persona
1022 2276 1213 2351 institutus;
1238 2275 1330 2337 salva
1356 2274 1454 2337 dictis

188 2378 295 2440 Priori
325 2388 359 2441 et
385 2379 565 2441 conventui
597 2379 640 2442 de
671 2378 790 2443 eadem
822 2379 937 2442 debita
961 2389 995 2442 et
1025 2379 1163 2460 antiqua
1193 2378 1361 2460 pensione.
1409 2379 1456 2440 Et

188 2480 389 2545 mandatum
405 2492 456 2545 est
471 2481 564 2545 dicto
581 2483 631 2559 Κ,
648 2482 910 2559 ArchidiaconO,
925 2492 971 2559 ut,
986 2492 1047 2545 etc.

188 2651 307 2718 [Robert
322 2651 357 2703 de
377 2652 460 2714 (bus,
480 2652 618 2719 clraplain,
632 2652 782 2719 presented
796 2652 830 2720 by
847 2652 893 2704 tlte
913 2652 1003 2705 Abbot
1020 2650 1081 2703 ared
1099 2652 1224 2703 Convent
1240 2652 1275 2718 of
1287 2651 1406 2712 Bourne,
1429 2652 1457 2703 is

254 2734 401 2786 instituted
417 2739 444 2785 to
461 2733 507 2786 the
526 2734 627 2787 chureii
644 2734 681 2801 os
696 2734 772 2786 West
789 2734 924 2802 Deeping.
963 2732 1019 2785 Tire
1032 2733 1195 2800 pensionis
1214 2732 1345 2785 reservent
1361 2738 1387 2784 to
1407 2732 1452 2785 tire

262 2816 287 2867 C
288 2817 409 2885 onvent.]

278 2918 391 2982 WEST
405 2919 800 2982 DEPYNG'‚—-Robertus
816 2919 858 2982 de
875 2919 985 2994 Cotes,
1001 2918 1226 3000 cappellanus,
1239 2928 1449 2999 presentatus

188 3043 250 3104 per
281 3021 452 3085 Abbatem
483 3032 517 3085 et
547 3030 750 3085 conventum
782 3022 824 3085 de
856 3022 992 3084 Brunna
1016 3021 1059 3084 ad
1087 3022 1261 3085 ecclesiam
1288 3021 1331 3084 de
1356 3022 1454 3084 West

188 3126 345 3208 Deping',
362 3124 450 3188 facta
469 3126 561 3208 prius
583 3126 797 3207 inquisitione
816 3147 875 3208 per
896 3126 945 3201 Κ,
963 3125 1247 3188 Archidiaconum
1269 3124 1452 3189 Lincolnie,

187 3240 223 3293 et
250 3230 399 3292 Domina
426 3230 568 3292 Isabella
593 3230 635 3293 de
661 3230 809 3292 Doveria
830 3230 896 3310 juri
921 3229 1011 3311 quod
1038 3250 1073 3293 se
1100 3229 1234 3292 dicebat
1266 3228 1387 3292 habere
1418 3230 1451 3291 in

188 3333 412 3396 advocatione
427 3332 578 3413 ejusdem
596 3354 655 3415 per
671 3333 797 3396 litteras
813 3354 890 3395 suas
906 3343 1061 3415 patentes
1078 3334 1216 3395 omnino
1229 3334 1454 3409 renunciante,

188 3435 342 3499 Aluredo
365 3437 468 3499 etiam
492 3436 612 3499 clerico
635 3446 770 3518 propter
794 3436 1070 3500 insufficienciam
1095 3438 1279 3501 litterature
1302 3438 1454 3513 refutat0,

188 3561 249 3623 per
270 3560 346 3621 que,
361 3549 432 3615 etc,
448 3540 538 3603 idem
559 3541 598 3602 R.
619 3539 661 3602 ad
685 3539 827 3604 eandem
851 3540 1018 3602 admissus
1042 3550 1102 3616 est,
1117 3550 1151 3603 et
1174 3541 1208 3602 in
1232 3562 1272 3605 ea
1295 3542 1455 3605 canonice

188 3663 333 3726 persona
357 3643 549 3720 institutus;
573 3643 665 3705 salva
687 3642 796 3706 eidem
822 3643 949 3706 Abbati
977 3654 1011 3707 et
1027 3643 1245 3726 'con[ventui]
1267 3644 1311 3708 de
1333 3645 1451 3708 eadem

188 3746 305 3810 debita
329 3756 364 3809 et
391 3746 530 3827 antiqua
555 3746 723 3829 pension'e.
770 3746 815 3808 Et
841 3746 1039 3809 mandatum
1070 3756 1121 3810 est
1146 3747 1236 3810 dicto
1269 3748 1317 3823 Κ,
1334 3748 1455 3810 Archi-

188 3848 342 3926 diacon0‚
357 3860 403 3926 ut,
419 3859 480 3913 etc.
789 3838 794 3848 ’

189 4017 328 4086 [Rr'chard
335 4018 370 4071 de
385 4018 573 4082 Wndlesores,
580 4018 730 4085 presented
747 4018 836 4086 hythe
856 4018 943 4070 Prior
955 4018 1016 4071 and
1035 4019 1162 4072 Convent
1178 4020 1214 4086 os
1223 4018 1409 4086 Thurgarton,
1428 4019 1453 4071 is

255 4100 401 4152 instituted
416 4106 443 4153 to
461 4100 507 4153 tlte
518 4100 618 4153 chureii
630 4101 666 4163 of
671 4100 768 4153 Potter
775 4098 945 4152 Hanwortlr.
983 4100 1041 4153 Tire
1054 4101 1174 4167 pensiore
1186 4102 1211 4152 is
1225 4100 1355 4153 reserved
1367 4107 1395 4154 to
1408 4101 1453 4153 the

257 4183 388 4250 Canens]

279 4276 712 4358 HANEWRD'.-Magister
733 4275 897 4339 Ricardus
915 4275 959 4338 de
983 4275 1219 4352 windlesores,
1241 4286 1451 4358 presentatus

190 4402 249 4463 per
269 4380 417 4443 Priorem
439 4389 473 4443 et
495 4390 696 4443 conventum
718 4379 761 4443 de
777 4380 1000 4462 Thurgarton'
1017 4380 1059 4443 ad
1081 4380 1253 4443 ecclesiam
1272 4380 1314 4443 de
1337 4380 1452 4444 Hane-

189 4483 314 4559 wurth',
330 4482 419 4546 facta
435 4483 525 4565 prius
542 4484 757 4564 inquisitione
773 4503 832 4565 per
848 4485 897 4560 Κ,
915 4483 1198 4546 Archidiaconum
1221 4484 1402 4559 Lincolnie,
1418 4493 1451 4547 et

190 4585 361 4649 Willelmo
376 4586 420 4649 de
438 4586 664 4662 Hanewurth',
679 4586 807 4663 cleric0,
822 4585 1051 4650 fraudulenter
1065 4588 1156 4668 prius
1172 4597 1372 4669 presentat0,
1385 4587 1450 4668 juri

189 4711 250 4753 suo
266 4690 400 4771 penitus
417 4691 634 4753 renunciante
649 4710 761 4753 coram
780 4690 1029 4753 Archidiacono
1045 4690 1205 4772 predicto,
1221 4710 1280 4771 per
1295 4710 1370 4771 que,
1381 4701 1450 4768 etc,

189 4793 232 4856 ad
255 4792 399 4856 eandem
417 4791 585 4855 admissus
602 4803 662 4870 est,
677 4803 712 4856 et
734 4794 768 4855 in
783 4814 825 4857 ea
838 4795 999 4857 canonice
1022 4814 1164 4876 persona
1184 4802 1236 4856 est
1259 4794 1451 4871 institutus;

189 4896 283 4960 salva
313 4896 414 4959 dictis
444 4897 613 4959 canonicis
647 4896 691 4959 de
719 4916 761 4959 ea
789 4896 904 4960 debita
934 4906 968 4959 et
1006 4898 1146 4978 antiqua
1182 4896 1350 4977 pensione.
1406 4897 1452 4959 Et

190 4999 391 5062 mandatum
408 5008 459 5062 est
474 4999 566 5062 dicto
583 4998 830 5063 Archidiacono
846 5009 893 5075 ut,
907 5009 968 5062 etc.
