3550 5692
322 510 369 580 68
661 508 796 583 Rotule’
819 507 995 608 Hugones
1018 509 1062 583 de
1097 509 1230 585 Welles

320 748 404 813 duas
431 769 558 830 marcas
581 749 623 812 ad
640 749 796 814 vestitum
820 771 928 828 suum,
941 761 976 815 et
998 750 1134 814 habebit
1156 750 1343 816 oblationes
1362 751 1404 815 ad
1428 752 1576 834 quinque

321 851 406 916 festa
425 853 513 930 anni,
533 852 665 930 scilicet,
686 852 728 916 ad
753 853 874 917 festum
900 853 1062 920 Omnium
1089 853 1288 920 Sanctorum
1310 855 1364 937 jd,
1383 855 1427 918 ad
1455 855 1576 919 Natale

323 956 460 1019 Domini
471 957 546 1038 iijd,
558 955 600 1020 ad
615 958 743 1021 Pascha
757 957 821 1040 ijd.‚
831 957 873 1020 ad
887 959 1107 1022 Pentecosten
1121 958 1176 1041 jd,
1186 958 1228 1023 ad
1241 958 1362 1022 festum
1375 958 1512 1022 ecclesie
1520 958 1577 1040 jd,

322 1079 382 1141 pro
405 1080 542 1142 corpore
564 1061 708 1143 presenti
728 1060 783 1144 jd,
800 1081 859 1144 pro
878 1061 1089 1143 sponsalibus
1106 1061 1171 1143 jd.;
1193 1062 1330 1126 habebit
1349 1063 1450 1126 etiam
1466 1060 1575 1125 dictus

320 1163 460 1226 vicarius
476 1163 658 1227 secundum
676 1163 833 1248 legatum,
850 1174 884 1228 et
905 1166 1006 1229 etiam
1031 1164 1167 1229 habebit
1190 1165 1387 1247 palefridum
1411 1185 1507 1228 suum
1531 1164 1573 1228 ad

321 1265 500 1349 sorragium
516 1266 680 1331 dictorum
699 1269 819 1332 Prioris
831 1279 864 1332 et
876 1278 1060 1332 conventus
1071 1279 1106 1332 et
1117 1268 1160 1332 ad
1177 1267 1380 1352 prebendam
1392 1267 1573 1332 eorundem

322 1370 567 1449 rationabilem3
581 1381 615 1436 et
635 1372 697 1454 ipsi
718 1373 810 1436 Prior
829 1383 863 1436 et
884 1383 1067 1437 conventus
1083 1372 1212 1437 solvent
1228 1372 1391 1436 sinodalia
1410 1382 1444 1436 et
1464 1373 1575 1456 hospi-

321 1475 404 1537 tium
421 1474 657 1539 Archidiaconi
673 1476 907 1558 procurabunt,
921 1487 956 1540 et
970 1486 1080 1540 cetera
1095 1497 1197 1540 onera
1211 1477 1429 1540 sustinebunt.

320 1669 443 1738 [Getam.
456 1669 592 1737 ceaptata
603 1671 752 1738 presented
765 1671 799 1740 by
809 1671 941 1725 iterante
950 1671 1107 1725 Pn'orand
1122 1671 1252 1735 Conveni,
1264 1672 1290 1724 is
1300 1669 1444 1724 instituted
1457 1670 1581 1736 vitantes

385 1751 561 1806 Buttetwick.
599 1752 656 1805 The
665 1753 999 1822 meamgeessrdesm'bedJ

409 1863 585 1928 Buraw1c
629 1878 706 1941 Qua
752 1877 819 1929 asr
861 1877 1084 1929 eonuunau.
1100 1863 1337 1940 -Gilbertus,
1376 1862 1576 1946 capellanus,

321 1976 529 2049 presentatus
567 1989 625 2050 per
661 1967 796 2032 eosdem
832 1969 978 2033 Priorem
1010 1978 1043 2032 et
1074 1978 1274 2033 conventum
1306 1967 1348 2031 ad
1380 1976 1575 2049 perpetuam

320 2069 476 2133 vicariam
493 2069 630 2135 ecclesie
645 2069 688 2134 de
698 2072 853 2160 *Buttwiq
864 2082 916 2136 est
932 2071 1106 2150 admissus,
1115 2082 1149 2136 et
1165 2073 1198 2135 in
1214 2093 1254 2136 ea
1265 2071 1424 2134 canonice
1436 2071 1576 2134 vicarius

320 2182 499 2255 perpetuus
529 2174 720 2253 institutus;
756 2196 822 2257 que
852 2176 1011 2239 consistit·
1033 2177 1067 2238 in
1098 2185 1171 2240 toto
1200 2174 1362 2256 altaragio
1388 2194 1464 2236 cum
1490 2172 1576 2236 tofto

320 2277 497 2359 pertinenti
514 2277 556 2340 ad
578 2277 761 2356 ecclesiam,
776 2288 810 2342 et
829 2279 862 2342 in
879 2277 1011 2342 redditu
1027 2278 1249 2362 quadraginta
1263 2276 1474 2342 denariorum
1491 2278 1575 2339 anti-

319 2381 431 2462 quitus
447 2367 568 2444 collato
580 2379 623 2444 ad
636 2380 798 2445 luminare
810 2382 1064 2464 repperiendum
1077 2383 1110 2445 in
1127 2381 1217 2446 dicta
1228 2382 1380 2459 ecclesia;
1389 2390 1424 2444 et
1435 2381 1576 2443 vicarius

319 2482 425 2547 solvet
449 2483 685 2546 tantummodo
713 2484 884 2563 sinodalia,
908 2495 942 2550 et
967 2486 1059 2550 Prior
1084 2496 1118 2549 et
1144 2495 1327 2549 conventus
1352 2484 1576 2567 procurabunt

319 2586 500 2669 hospitium
525 2587 771 2666 Archidiaconi,
786 2598 820 2652 et
842 2590 956 2652 omnia
979 2589 1044 2652 alia
1065 2610 1167 2653 onera
1189 2588 1408 2652 sustinebunt.
1455 2588 1501 2650 Et
1525 2597 1575 2651 est

319 2690 439 2753 vicaria
456 2689 500 2772 iiij
519 2710 703 2754 marcarum
720 2701 754 2756 et
770 2691 836 2756 xld.
854 2701 890 2756 et
904 2713 945 2756 eo
960 2691 1111 2775 amplius.

319 2883 420 2952 [John
431 2882 569 2951 chaplain.
576 2884 726 2951 presented
733 2884 766 2953 ty
777 2885 822 2938 rte
832 2901 909 2938 same
924 2886 1013 2939 Pn'or
1025 2885 1086 2938 and
1102 2886 1234 2950 Conveni,
1248 2886 1273 2939 is
1289 2885 1435 2939 instituted
1449 2885 1530 2938 vr'car
1544 2885 1580 2952 of

386 2964 532 3033 Claxbyby
547 2965 730 3035 Wllougeby.
767 2966 824 3020 Tire
834 2968 966 3036 vicarege
977 2968 1003 3020 is
1012 2967 1168 3036 described]

406 3076 583 3141 Cunxuav
599 3091 675 3154 Qua
693 3091 759 3142 Esr
776 3079 1223 3161 mauman—johannes,
1233 3077 1432 3163 capellanus,
1442 3098 1575 3160 presen-

319 3189 409 3245 tatus
436 3201 495 3262 per
520 3179 655 3244 eosdem
682 3181 828 3245 Priorem
853 3191 886 3246 et
911 3192 1112 3246 conventum
1138 3181 1181 3245 ad
1205 3191 1399 3266 perpetuam
1419 3182 1575 3245 vicariam

320 3283 458 3347 ecclesie
494 3283 537 3347 de
575 3282 725 3361 Claxebi,
755 3295 806 3348 est
843 3283 1017 3363 admissus,
1046 3296 1080 3349 et
1114 3286 1147 3348 in
1177 3306 1218 3349 ea
1247 3285 1406 3349 canonice
1435 3285 1576 3348 vicarius

320 3395 499 3469 perpetuus
522 3387 693 3451 institutus
705 3410 712 3465 ;
735 3408 800 3469 que
823 3388 974 3453 consistit
997 3389 1030 3451 in
1053 3399 1126 3452 toto
1149 3388 1319 3471 altaragiO,
1334 3409 1411 3450 cum
1433 3387 1520 3450 tosto
1542 3397 1576 3450 et

320 3501 407 3554 terra
431 3489 672 3572 pertinentibus
699 3489 742 3553 ad
769 3490 942 3554 ecclesiam
966 3513 1079 3556 versus
1102 3492 1302 3574 aquilonem,
1323 3502 1358 3556 et
1380 3491 1414 3554 in
1436 3490 1576 3555 decimis

320 3594 497 3677 garbarum
528 3592 667 3656 dominii
698 3594 864 3671 Ysabelle,
884 3597 998 3658 uxoris
1030 3595 1173 3659 Baldrici
1197 3594 1240 3659 de
1267 3593 1443 3670 Grendale‚
1458 3594 1510 3657 vel
1541 3595 1574 3656 in

321 3696 459 3761 decimis
483 3695 562 3759 dicti
587 3695 745 3760 dominici
768 3698 958 3780 quicunque
979 3698 1106 3763 dictum
1130 3699 1334 3762 dominicum
1358 3698 1501 3762 tenuerit
1523 3696 1591 3760 vel·

323 3800 514 3884 possederit.
563 3801 632 3864 lsta
647 3801 768 3864 vicaria
782 3811 833 3866 est
849 3802 996 3883 quinque
1012 3823 1205 3866 marcarum.

320 3996 396 4064 [The
405 3997 537 4064 vicarage
547 3996 583 4064 os
589 3995 697 4050 Baeton
708 3995 902 4057 Pedwardine,
913 3996 981 4050 held
988 3997 1021 4065 by
1031 3997 1115 4050 Peter
1123 3996 1157 4049 de
1167 3997 1334 4063 Minringea
1345 3996 1370 4048 is
1380 3993 1538 4059 desuem]

411 4116 570 4180 Bun‘rou
609 4129 686 4193 Qua
725 4129 792 4180 aar
825 4116 1229 4181 maurinam-vicaria
1258 4115 1410 4178 consistit
1439 4115 1473 4176 in
1503 4123 1574 4177 toto

322 4218 484 4300 altaragio
495 4239 571 4281 cum
584 4218 670 4282 tofto
679 4219 768 4300 quod
781 4219 843 4283 suit
855 4218 1016 4283 Thoraldi
1030 4220 1246 4287 Parmentarii
1256 4239 1369 4282 versus
1380 4217 1573 4282 orientalem

321 4436 356 4492 et
381 4428 414 4490 in
439 4425 577 4490 decimis
601 4427 777 4510 garbarum
802 4428 905 4491 totius
935 4426 1073 4490 dominii
1106 4428 1226 4490 Prioris
1255 4435 1289 4490 et
1319 4435 1502 4488 conventus
1532 4425 1574 4488 de

324 4531 464 4595 Freston
487 4530 521 4591 in
544 4529 661 4593 eadem
677 4531 774 4608 villa;
797 4540 830 4596 et
853 4532 993 4594 vicarius
1016 4529 1251 4595 tantummodo
1274 4529 1379 4592 solvet
1402 4529 1572 4591 annuatim

323 4632 506 4718 synodalia,
521 4642 555 4697 et
577 4634 637 4716 ipsi
658 4635 751 4697 Prior
765 4643 799 4697 et
817 4645 1001 4698 conventus
1020 4633 1243 4718 procurabunt
1259 4633 1440 4715 hospitium
1457 4631 1573 4695 Archi-

322 4737 463 4813 diaconi,
481 4746 515 4799 et
535 4738 648 4799 omnia
663 4737 727 4800 alia
743 4758 844 4801 onera
867 4739 900 4800 in
918 4748 1114 4822 perpetuum
1136 4734 1354 4800 sustinebunt.
1401 4737 1518 4799 Petrus
1533 4736 1574 4798 de

323 4841 506 4922 Mintinges
523 4862 581 4923 per
597 4841 737 4904 multum
754 4852 886 4924 tempus
903 4842 964 4904 fuit
980 4843 1013 4903 in
1030 4842 1238 4924 possessione
1253 4850 1413 4921 tanquam
1427 4841 1572 4902 vicarius.

323 4944 369 5006 Et
384 4951 434 5006 est
449 4943 571 5005 vicaria
586 4965 606 5006 v
622 4964 814 5007 marcarum.
